@article{brown2020gpt3,
  title={Language Models are Few-Shot Learners},
  author={Brown, Tom B. and Mann, Benjamin and Ryder, Nick and Subbiah, Melanie and Kaplan, Jared and Dhariwal, Prafulla and Neelakantan, Arvind and Shyam, Pranav and Sastry, Girish and Askell, Amanda and others},
  journal={Advances in Neural Information Processing Systems},
  volume={33},
  year={2020}
}


@article{openai2023gpt4,
  title={{GPT-4} Technical Report},
  author={OpenAI},
  journal={arXiv preprint arXiv:2303.08774},
  year={2023}
}

@article{wei2022cot,
  title={Chain-of-Thought Prompting Elicits Reasoning in Large Language Models},
  author={Wei, Jason and Wang, Xuezhi and Schuurmans, Dale and Bosma, Maarten and Ichter, Brian and Xia, Fei and Chi, Ed H. and Le, Quoc V. and Zhou, Denny},
  journal={Advances in Neural Information Processing Systems},
  volume={35},
  year={2022}
}

@article{kojima2022zeroshot,
  title={Large Language Models are Zero-Shot Reasoners},
  author={Kojima, Takeshi and Gu, Shixiang Shane and Reid, Machel and Matsuo, Yutaka and Iwasawa, Yusuke},
  journal={Advances in Neural Information Processing Systems},
  volume={35},
  pages={22199--22213},
  year={2022}
}

@article{cobbe2021gsm8k,
  title={Training Verifiers to Solve Math Word Problems},
  author={Cobbe, Karl and Kosaraju, Vineet and Bavarian, Mohammad and Chen, Mark and Jun, Heewoo and Kaiser, Lukasz and Plappert, Matthias and Tworek, Jerry and Hilton, Jacob and Nakano, Reiichiro and Hesse, Christopher and Schulman, John},
  journal={arXiv preprint arXiv:2110.14168},
  year={2021}
}

@inproceedings{lewkowycz2022minerva,
  title={Solving Quantitative Reasoning Problems with Language Models},
  author={Lewkowycz, Aitor and Andreassen, Anders and Dohan, David and Dyer, Ethan and Michalewski, Henryk and Ramasesh, Vinay and Slone, Ambrose and Anil, Cem and Schlag, Imanol and Gutman-Solo, Theo and Wu, Yuhuai and Neyshabur, Behnam and Gur-Ari, Guy and Misra, Vedant},
  booktitle={Advances in Neural Information Processing Systems},
  year={2022}
}


@inproceedings{yao2023treeofthoughts,
  title={Tree of Thoughts: Deliberate Problem Solving with Large Language Models},
  author={Yao, Shunyu and Yu, Dian and Zhao, Jeffrey and Shafran, Izhak and Griffiths, Thomas L. and Cao, Yuan and Narasimhan, Karthik},
  booktitle={Advances in Neural Information Processing Systems},
  year={2023}
}

@inproceedings{besta2024graphofthoughts,
  title={Graph of Thoughts: Solving Elaborate Problems with Large Language Models},
  author={Besta, Maciej and Blach, Nils and Kubicek, Ales and Gerstenberger, Robert and Podstawski, Michal and Gianinazzi, Lukas and Gajda, Joanna and Lehmann, Tomasz and Niewiadomski, Hubert and Nyczyk, Piotr and Hoefler, Torsten},
  booktitle={Proceedings of the AAAI Conference on Artificial Intelligence},
  year={2024},
  doi={10.1609/aaai.v38i16.29720},
}

@article{zekri2024llm_markov,
  title={Large Language Models as Markov Chains},
  author={Zekri, Oussama and Odonnat, Ambroise and Benechehab, Abdelhakim and Bleistein, Linus and Boull{\'e}, Nicolas and Redko, Ievgen},
  journal={arXiv preprint arXiv:2410.02724},
  year={2024}
}

@inproceedings{hendrycks2017msp,
  title={A Baseline for Detecting Misclassified and Out-of-Distribution Examples in Neural Networks},
  author={Hendrycks, Dan and Gimpel, Kevin},
  booktitle={International Conference on Learning Representations (ICLR)},
  year={2017}
}

@article{ho2022large,
  title={Large Language Models are Versatile Reasoners},
  author={Ho, Kenneth and Wei, Jason and Schuurmans, Dale and Bosma, Maarten and de Masson d'Autume, Cyprien and Lee, Kenton and Le, Quoc V. and Narang, Sharan},
  journal={arXiv preprint arXiv:2205.11916},
  year={2022}
}

@incollection{dietterich2000ensembles,
  title={Ensemble Methods in Machine Learning},
  author={Dietterich, Thomas G},
  booktitle={International Workshop on Multiple Classifier Systems},
  pages={1--15},
  publisher={Springer},
  year={2000}
}

@article{wang2022selfconsistency,
  title={Self-Consistency Improves Chain of Thought Reasoning in Language Models},
  author={Wang, Xuezhi and Wei, Jason and Schuurmans, Dale and Bosma, Maarten and Chi, Ed H. and Le, Quoc V. and Zhou, Denny},
  journal={arXiv preprint arXiv:2203.11171},
  year={2022}
}

@article{anil2023palm,
  title={{PaLM 2 Technical Report}},
  author={Anil, Rohan and Chi, Ed H and Chowdhery, Aakanksha and et al.},
  journal={arXiv preprint arXiv:2305.10403},
  year={2023}
}


@inproceedings{
madaan2023selfrefine,
title={{Self-Refine: Iterative Refinement with Self-Feedback}},
author={Aman Madaan and Niket Tandon and Prakhar Gupta and Skyler Hallinan and Luyu Gao and Sarah Wiegreffe and Uri Alon and Nouha Dziri and Shrimai Prabhumoye and Yiming Yang and Shashank Gupta and Bodhisattwa Prasad Majumder and Katherine Hermann and Sean Welleck and Amir Yazdanbakhsh and Peter Clark},
booktitle={Thirty-seventh Conference on Neural Information Processing Systems},
year={2023}
}

@book{condorcet1785essai,
  author={de Condorcet, Marie Jean Antoine Nicolas Caritat},
  title={Essai sur l'application de l'analyse \`a la probabilit\'e des d\'ecisions rendues \`a la pluralit\'e des voix},
  year={1785},
  publisher={Imprimerie Royale},
  address={Paris},
  note={Reprint: AMS Chelsea, 1972}
}


@article{ladha1992condorcet,
  title={{The Condorcet Jury Theorem, Free Speech and Correlated Votes}},
  author={Ladha, K.K.},
  journal={American Journal of Political Science},
  volume={36},
  number={3},
  pages={617--634},
  year={1992}
}


@article{berg1993dependency,
  title={{Condorcet's Jury Theorem, Dependency among Jurors}},
  author={Berg, Sven},
  journal={Social Choice and Welfare},
  volume={10},
  number={1},
  pages={87--95},
  year={1993}
}

@article{mclennan1998consequences,
  title={{Consequences of the Condorcet Jury Theorem for Beneficial Information Aggregation by Rational Agents}},
  author={McLennan, Andrew},
  journal={American Political Science Review},
  volume={92},
  number={2},
  pages={413--418},
  year={1998}
}


@inproceedings{renze2024effect,
  title={The effect of sampling temperature on problem solving in large language models},
  author={Renze, Matthew},
  booktitle={Findings of the Association for Computational Linguistics: EMNLP 2024},
  pages={7346--7356},
  year={2024}
}

@inproceedings{zhu2024hot,
  title={Hot or cold? adaptive temperature sampling for code generation with large language models},
  author={Zhu, Yuqi and Li, Jia and Li, Ge and Zhao, YunFei and Jin, Zhi and Mei, Hong},
  booktitle={Proceedings of the AAAI Conference on Artificial Intelligence},
  volume={38},
  number={1},
  pages={437--445},
  year={2024}
}

@article{gomaa2024guided,
  author  = {Eyad Gomaa and Gomaa Salah},
  title   = {Guidance is All You Need: Temperature-Guided Reasoning in Large Language Models},
  journal = {arXiv preprint arXiv:2412.06822},
  year    = {2024}
}

@article{yan2025learningreasonoffpolicyguidance,
      title={{Learning to Reason under Off-Policy Guidance}}, 
      author={Jianhao Yan and Yafu Li and Zican Hu and Zhi Wang and Ganqu Cui and Xiaoye Qu and Yu Cheng and Yue Zhang},
      year={2025},
      journal = {arXiv preprint arXiv:2504.14945} 
}

@inproceedings{bercher2011escort,
  title={On escort distributions, q-gaussians and Fisher information},
  author={Bercher, J-F},
  booktitle={AIP Conference Proceedings},
  volume={1305},
  number={1},
  pages={208--215},
  year={2011},
  organization={American Institute of Physics}
}

@article{miller1955note,
  title={Note on the bias of information estimates},
  author={Miller, George},
  journal={Information theory in psychology: Problems and methods},
  year={1955},
  publisher={Free Press}
}

@article{bertsekas1997nonlinear,
  title={Nonlinear programming},
  author={Bertsekas, Dimitri P},
  journal={Journal of the Operational Research Society},
  volume={48},
  number={3},
  pages={334--334},
  year={1997},
  publisher={Taylor \& Francis}
}

@article{dawid_skene_79,
 author = {A. P. Dawid and A. M. Skene},
 journal = {Journal of the Royal Statistical Society. Series C (Applied Statistics)},
 number = {1},
 pages = {20--28},
 publisher = {[Royal Statistical Society, Oxford University Press]},
 title = {{Maximum Likelihood Estimation of Observer Error-Rates Using the EM Algorithm}},
 volume = {28},
 year = {1979}
}


@article{zuo2025ttrl,
  title={{TTRL: Test-Time Reinforcement Learning}},
  author={Zuo, Yuxin and Zhang, Kaiyan and Qu, Shang and Sheng, Li and Zhu, Xuekai and Qi, Biqing and Sun, Youbang and Cui, Ganqu and Ding, Ning and Zhou, Bowen},
  journal={arXiv preprint arXiv:2504.16084},
  year={2025}
}

@article{howard2021confidenceseq,
  title={Time-uniform, nonparametric, nonasymptotic confidence sequences},
  author={Howard, Steven R and Ramdas, Aaditya and McAuliffe, Jon and Sekhon, Jasjeet},
  journal={The Annals of Statistics},
  volume={49},
  number={2},
  pages={1055--1080},
  year={2021},
  publisher={JSTOR}
}

@article{howard2018timeuniform,
  title={{Time-uniform Chernoff Bounds via Nonnegative Supermartingales}},
  author={Howard, Steven R. and Ramdas, Aaditya and McAuliffe, Jon and Sekhon, Jasjeet},
  journal={Probability Surveys},
  year={2018}
}


@article{massart2000applications,
  title={Some Applications of Concentration Inequalities to Statistics},
  author={Massart, Pascal},
  journal={Annales de la Facult{\'e} des sciences de Toulouse: Math{\'e}matiques},
  volume={9},
  number={2},
  pages={245--303},
  year={2000}
}

@book{dembo2010ldp,
        author = {Amir Dembo and Ofer Zeitouni},
        title = {{Large Deviations Techniques and Applications}},
        year = {2010},
        publisher = {Springer Berlin},
        address = {Heidelberg}
}


@book{ville1939collectif,
     author = {Ville, Jean},
     title = {\'Etude critique de la notion de collectif},
     publisher = {Gauthier-Villars},
     year = {1939},
     language = {fr}
}


@inproceedings{akyurek2025ttt,
  title={{The Surprising Effectiveness of Test-Time Training for Few-Shot Learning}},
  author={Aky{\"u}rek, Ekin and Damani, Mehul and Zweiger, Adam and Qiu, Linlu and Guo, Han and Pari, Jyothish and Kim, Yoon and Andreas, Jacob},
  booktitle={Proceedings of the 42nd International Conference on Machine Learning (ICML)},
  year={2025}
}


@article{hoeffding1963,
  title={Probability Inequalities for Sums of Bounded Random Variables},
  author={Hoeffding, Wassily},
  journal={Journal of the American Statistical Association},
  volume={58},
  number={301},
  pages={13--30},
  year={1963}
}

@article{bahadur-rao,
 author = {R. R. Bahadur and R. Ranga Rao},
 journal = {The Annals of Mathematical Statistics},
 number = {4},
 pages = {1015--1027},
 publisher = {Institute of Mathematical Statistics},
 title = {{On Deviations of the Sample Mean}},
 volume = {31},
 year = {1960}
}

@article{ji2023survey,
  title={Survey of hallucination in natural language generation},
  author={Ji, Ziwei and Lee, Nayeon and Frieske, Rita and Yu, Tiezheng and Su, Dan and Xu, Yan and Ishii, Etsuko and Bang, Ye Jin and Madotto, Andrea and Fung, Pascale},
  journal={ACM computing surveys},
  volume={55},
  number={12},
  pages={1--38},
  year={2023},
  publisher={ACM New York, NY}
}

@article{maynez2020faithfulness,
  title={On faithfulness and factuality in abstractive summarization},
  author={Maynez, Joshua and Narayan, Shashi and Bohnet, Bernd and McDonald, Ryan},
  journal={arXiv preprint arXiv:2005.00661},
  year={2020}
}

@article{kalai2025language,
  title={Why Language Models Hallucinate},
  author={Kalai, Adam Tauman and Nachum, Ofir and Vempala, Santosh S and Zhang, Edwin},
  journal={arXiv preprint arXiv:2509.04664},
  year={2025}
}


@article{agarwal2025unreasonableeffectivenessentropyminimization,
      title={{The Unreasonable Effectiveness of Entropy Minimization in LLM Reasoning}}, 
      author={Shivam Agarwal and Zimin Zhang and Lifan Yuan and Jiawei Han and Hao Peng},
      year={2025},
      journal={arXiv preprint arXiv:2505.15134}
}


@article{shao2024deepseekmathpushinglimitsmathematical,
      title={{DeepSeekMath: Pushing the Limits of Mathematical Reasoning in Open Language Models}}, 
      author={Zhihong Shao and Peiyi Wang and Qihao Zhu and Runxin Xu and Junxiao Song and Xiao Bi and Haowei Zhang and Mingchuan Zhang and Y. K. Li and Y. Wu and Daya Guo},
      year={2024},
      journal={arXiv preprint arXiv:2402.03300},
}


@article{yang2024qwen25mathtechnicalreportmathematical,
      title={{Qwen2.5-Math Technical Report: Toward Mathematical Expert Model via Self-Improvement}}, 
      author={An Yang and Beichen Zhang and Binyuan Hui and Bofei Gao and Bowen Yu and Chengpeng Li and Dayiheng Liu and Jianhong Tu and Jingren Zhou and Junyang Lin and Keming Lu and Mingfeng Xue and Runji Lin and Tianyu Liu and Xingzhang Ren and Zhenru Zhang},
      year={2024},
      journal={arXiv preprint arXiv:2409.12122}
}

@article{qwen2025qwen25technicalreport,
      title={{Qwen2.5 Technical Report}}, 
      author={An Yang and Baosong Yang and Beichen Zhang and Binyuan Hui and Bo Zheng and Bowen Yu and Chengyuan Li and Dayiheng Liu and Fei Huang and Haoran Wei and Huan Lin and Jian Yang and Jianhong Tu and Jianwei Zhang and Jianxin Yang and Jiaxi Yang and Jingren Zhou and Junyang Lin and Kai Dang and Keming Lu and Keqin Bao and Kexin Yang and Le Yu and Mei Li and Mingfeng Xue and Pei Zhang and Qin Zhu and Rui Men and Runji Lin and Tianhao Li and Tianyi Tang and Tingyu Xia and Xingzhang Ren and Xuancheng Ren and Yang Fan and Yang Su and Yichang Zhang and Yu Wan and Yuqiong Liu and Zeyu Cui and Zhenru Zhang and Zihan Qiu},
      year={2025},
      journal={arXiv preprint arXiv:2412.15115}
}


@article{grattafiori2024llama3herdmodels,
      title={{The Llama 3 Herd of Models}}, 
      author={Aaron Grattafiori and Abhimanyu Dubey and Abhinav Jauhri and Abhinav Pandey and Abhishek Kadian and Ahmad Al-Dahle and Aiesha Letman and Akhil Mathur and Alan Schelten and Alex Vaughan and Amy Yang and others},
      year={2024},
      journal={arXiv preprint arXiv:2407.21783}
}

@inproceedings{
tang2025optimizing,
title={{Optimizing Language Models for Inference Time Objectives using Reinforcement Learning}},
author={Yunhao Tang and Kunhao Zheng and Gabriel Synnaeve and Remi Munos},
booktitle={Forty-second International Conference on Machine Learning},
year={2025}
}


@article{reinforce_92,
author = {Williams, Ronald J.},
title = {Simple Statistical Gradient-Following Algorithms for Connectionist Reinforcement Learning},
year = {1992},
publisher = {Kluwer Academic Publishers},
address = {USA},
volume = {8},
number = {3–4},
journal = {Mach. Learn.},
pages = {229–256}
}


@article{li2024numinamath,
  title={Numinamath: The largest public dataset in ai4maths with 860k pairs of competition math problems and solutions},
  author={Li, Jia and Beeching, Edward and Tunstall, Lewis and Lipkin, Ben and Soletskyi, Roman and Huang, Shengyi and Rasul, Kashif and Yu, Longhui and Jiang, Albert Q and Shen, Ziju and others},
  journal={Hugging Face repository},
  volume={13},
  number={9},
  pages={9},
  year={2024}
}


@inproceedings{
hendrycks2021measuring,
title={Measuring Mathematical Problem Solving With the {MATH} Dataset},
author={Dan Hendrycks and Collin Burns and Saurav Kadavath and Akul Arora and Steven Basart and Eric Tang and Dawn Song and Jacob Steinhardt},
booktitle={Thirty-fifth Conference on Neural Information Processing Systems Datasets and Benchmarks Track (Round 2)},
year={2021}
}


@article{sheng2024hybridflow,
  title   = {{HybridFlow: A Flexible and Efficient RLHF Framework}},
  author  = {Guangming Sheng and Chi Zhang and Zilingfeng Ye and Xibin Wu and Wang Zhang and Ru Zhang and Yanghua Peng and Haibin Lin and Chuan Wu},
  year    = {2024},
  journal = {arXiv preprint arXiv: 2409.19256}
}

@article{wang2020contextual,
  title={Contextual temperature for language modeling},
  author={Wang, Pei-Hsin and Hsieh, Sheng-Iou and Chang, Shih-Chieh and Chen, Yu-Ting and Pan, Jia-Yu and Wei, Wei and Juan, Da-Chang},
  journal={arXiv preprint arXiv:2012.13575},
  year={2020}
}

@article{huang2025pitfalls,
  title={Pitfalls of Rule-and Model-based Verifiers--A Case Study on Mathematical Reasoning},
  author={Huang, Yuzhen and Zeng, Weihao and Zeng, Xingshan and Zhu, Qi and He, Junxian},
  journal={arXiv preprint arXiv:2505.22203},
  year={2025}
}

@article{ma2025general,
  title={General-reasoner: Advancing llm reasoning across all domains},
  author={Ma, Xueguang and Liu, Qian and Jiang, Dongfu and Zhang, Ge and Ma, Zejun and Chen, Wenhu},
  journal={arXiv preprint arXiv:2505.14652},
  year={2025}
}

@article{tao2025hybrid,
  title={Hybrid Reinforcement: When Reward Is Sparse, It's Better to Be Dense},
  author={Tao, Leitian and Kulikov, Ilia and Saha, Swarnadeep and Wang, Tianlu and Xu, Jing and Li, Yixuan and Weston, Jason E and Yu, Ping},
  journal={arXiv preprint arXiv:2510.07242},
  year={2025}
}

@inproceedings{lightman2023let,
  title={Let's verify step by step},
  author={Lightman, Hunter and Kosaraju, Vineet and Burda, Yuri and Edwards, Harrison and Baker, Bowen and Lee, Teddy and Leike, Jan and Schulman, John and Sutskever, Ilya and Cobbe, Karl},
  booktitle={The Twelfth International Conference on Learning Representations},
  year={2023}
}



@inproceedings{wang2025make,
  title={Make Every Penny Count: Difficulty-Adaptive Self-Consistency for Cost-Efficient Reasoning},
  author={Wang, Xinglin and Feng, Shaoxiong and Li, Yiwei and Yuan, Peiwen and Zhang, Yueqi and Tan, Chuyi and Pan, Boyuan and Hu, Yao and Li, Kan},
  booktitle={Findings of the Association for Computational Linguistics: NAACL 2025},
  pages={6904--6917},
  year={2025}
}



@article{fu2025deep,
  title={Deep think with confidence},
  author={Fu, Yichao and Wang, Xuewei and Tian, Yuandong and Zhao, Jiawei},
  journal={arXiv preprint arXiv:2508.15260},
  year={2025}
}

@article{song2025irt,
  title={IRT-Router: Effective and Interpretable Multi-LLM Routing via Item Response Theory},
  author={Song, Wei and Huang, Zhenya and Cheng, Cheng and Gao, Weibo and Xu, Bihan and Zhao, GuanHao and Wang, Fei and Wu, Runze},
  journal={arXiv preprint arXiv:2506.01048},
  year={2025}
}

@article{kang2025uncertainty,
  title={Uncertainty Quantification for Hallucination Detection in Large Language Models: Foundations, Methodology, and Future Directions},
  author={Kang, Sungmin and Bakman, Yavuz Faruk and Yaldiz, Duygu Nur and Buyukates, Baturalp and Avestimehr, Salman},
  journal={arXiv preprint arXiv:2510.12040},
  year={2025}
}

@inproceedings{yao2024bayesian,
  title={A bayesian approach towards crowdsourcing the truths from llms},
  author={Yao, Peiran and Mathew, Jerin George and Singh, Shehraj and Firmani, Donatella and Barbosa, Denilson},
  booktitle={NeurIPS 2024 Workshop on Bayesian Decision-making and Uncertainty},
  year={2024}
}

@article{dawid1979maximum,
  title={Maximum likelihood estimation of observer error-rates using the EM algorithm},
  author={Dawid, Alexander Philip and Skene, Allan M},
  journal={Journal of the Royal Statistical Society: Series C (Applied Statistics)},
  volume={28},
  number={1},
  pages={20--28},
  year={1979},
  publisher={Wiley Online Library}
}

@article{whitehill2009whose,
  title={Whose vote should count more: Optimal integration of labels from labelers of unknown expertise},
  author={Whitehill, Jacob and Wu, Ting-fan and Bergsma, Jacob and Movellan, Javier and Ruvolo, Paul},
  journal={Advances in neural information processing systems},
  volume={22},
  year={2009}
}

@article{bock1997brief,
  title={A brief history of item theory response},
  author={Bock, R Darrell},
  journal={Educational measurement: issues and practice},
  volume={16},
  number={4},
  pages={21--33},
  year={1997},
  publisher={Wiley Online Library}
}

@article{welinder2010multidimensional,
  title={The multidimensional wisdom of crowds},
  author={Welinder, Peter and Branson, Steve and Perona, Pietro and Belongie, Serge},
  journal={Advances in neural information processing systems},
  volume={23},
  year={2010}
}

@article{raykar2010learning,
  title={Learning from crowds.},
  author={Raykar, Vikas C and Yu, Shipeng and Zhao, Linda H and Valadez, Gerardo Hermosillo and Florin, Charles and Bogoni, Luca and Moy, Linda},
  journal={Journal of machine learning research},
  volume={11},
  number={4},
  year={2010}
}

@article{liu2012variational,
  title={Variational inference for crowdsourcing},
  author={Liu, Qiang and Peng, Jian and Ihler, Alexander T},
  journal={Advances in neural information processing systems},
  volume={25},
  year={2012}
}

@inproceedings{kim2012bayesian,
  title={Bayesian classifier combination},
  author={Kim, Hyun-Chul and Ghahramani, Zoubin},
  booktitle={Artificial Intelligence and Statistics},
  pages={619--627},
  year={2012},
  organization={PMLR}
}

@article{karger2011iterative,
  title={Iterative learning for reliable crowdsourcing systems},
  author={Karger, David and Oh, Sewoong and Shah, Devavrat},
  journal={Advances in neural information processing systems},
  volume={24},
  year={2011}
}

@article{zhou2012learning,
  title={Learning from the wisdom of crowds by minimax entropy},
  author={Zhou, Dengyong and Basu, Sumit and Mao, Yi and Platt, John},
  journal={Advances in neural information processing systems},
  volume={25},
  year={2012}
}

@article{shinn2023reflexion,
  title={Reflexion: Language agents with verbal reinforcement learning},
  author={Shinn, Noah and Cassano, Federico and Gopinath, Ashwin and Narasimhan, Karthik and Yao, Shunyu},
  journal={Advances in Neural Information Processing Systems},
  volume={36},
  pages={8634--8652},
  year={2023}
}

@inproceedings{aggarwal2023let,
  title={Let's Sample Step by Step: Adaptive-Consistency for Efficient Reasoning and Coding with LLMs},
  author={Aggarwal, Pranjal and Madaan, Aman and Yang, Yiming and others},
  booktitle={The 2023 Conference on Empirical Methods in Natural Language Processing},
  year={2023}
}

@inproceedings{liescape,
  title={{Escape Sky-high Cost: Early-stopping Self-Consistency for Multi-step Reasoning}},
  author={Li, Yiwei and Yuan, Peiwen and Feng, Shaoxiong and Pan, Boyuan and Wang, Xinglin and Sun, Bin and Wang, Heda and Li, Kan},
  booktitle={The Twelfth International Conference on Learning Representations},
year={2024}
}

@article{taubenfeld2025confidence,
  title={Confidence Improves Self-Consistency in LLMs},
  author={Taubenfeld, Amir and Sheffer, Tom and Ofek, Eran and Feder, Amir and Goldstein, Ariel and Gekhman, Zorik and Yona, Gal},
  journal={CoRR},
  year={2025}
}

@inproceedings{wan2025reasoning,
  title={{Reasoning Aware Self-Consistency: Leveraging Reasoning Paths for Efficient LLM Sampling}},
  author={Wan, Guangya and Wu, Yuqi and Chen, Jie and Li, Sheng},
  booktitle={Proceedings of the 2025 Conference of the Nations of the Americas Chapter of the Association for Computational Linguistics: Human Language Technologies (Volume 1: Long Papers)},
  pages={3613--3635},
  year={2025}
}


@article{wang2025sampling,
  title={Sampling-efficient test-time scaling: Self-estimating the best-of-n sampling in early decoding},
  author={Wang, Yiming and Zhang, Pei and Huang, Siyuan and Yang, Baosong and Zhang, Zhuosheng and Huang, Fei and Wang, Rui},
  journal={arXiv preprint arXiv:2503.01422},
  year={2025}
}

@article{manvi2024adaptive,
  title={Adaptive inference-time compute: Llms can predict if they can do better, even mid-generation},
  author={Manvi, Rohin and Singh, Anikait and Ermon, Stefano},
  journal={arXiv preprint arXiv:2410.02725},
  year={2024}
}

@article{liu2024speculative,
  title={Speculative decoding via early-exiting for faster llm inference with thompson sampling control mechanism},
  author={Liu, Jiahao and Wang, Qifan and Wang, Jingang and Cai, Xunliang},
  journal={arXiv preprint arXiv:2406.03853},
  year={2024}
}

@inproceedings{chen2024ee,
  title={EE-LLM: Large-Scale Training and Inference of Early-Exit Large Language Models with 3D Parallelism},
  author={Chen, Yanxi and Pan, Xuchen and Li, Yaliang and Ding, Bolin and Zhou, Jingren},
  booktitle={International Conference on Machine Learning},
  pages={7163--7189},
  year={2024},
  organization={PMLR}
}



@article{STA-002,
year = {2025},
volume = {1},
journal = {Foundations and Trends® in Statistics},
title = {Hypothesis Testing with E-values},
doi = {10.1561/3600000002},
issn = {2978-4212},
number = {1-2},
pages = {1-390},
author = {Aaditya Ramdas and Ruodu Wang}
}

@inproceedings{prasadself,
  title={Self-Consistency Preference Optimization},
  author={Prasad, Archiki and Yuan, Weizhe and Pang, Richard Yuanzhe and Xu, Jing and Fazel-Zarandi, Maryam and Bansal, Mohit and Sukhbaatar, Sainbayar and Weston, Jason E and Yu, Jane},
  booktitle={Forty-second International Conference on Machine Learning},
year={2025}
}

@article{wen2025unsupervised,
  title={Unsupervised Elicitation of Language Models},
  author={Wen, Jiaxin and Ankner, Zachary and Somani, Arushi and Hase, Peter and Marks, Samuel and Goldman-Wetzler, Jacob and Petrini, Linda and Sleight, Henry and Burns, Collin and He, He and others},
  journal={arXiv preprint arXiv:2506.10139},
  year={2025}
}

@article{prabhudesai2025maximizing,
  title={Maximizing Confidence Alone Improves Reasoning},
  author={Prabhudesai, Mihir and Chen, Lili and Ippoliti, Alex and Fragkiadaki, Katerina and Liu, Hao and Pathak, Deepak},
  journal={arXiv preprint arXiv:2505.22660},
  year={2025}
}

@article{xu2025learning,
    title={Learning to Reason without External Rewards},
    author={Xuandong Zhao and Zhewei Kang and Aosong Feng and Sergey Levine and Dawn Song},
    year={2025},
    journal={arXiv preprint arXiv:2505.19590}
}

@article{kang2025scalable,
    title={Scalable Best-of-N Selection for Large Language Models via Self-Certainty},
    author={Zhewei Kang and Xuandong Zhao and Dawn Song},
    year={2025},
    journal={arXiv preprint arXiv:2502.18581}
}

@article{shafayat2025large,
    title={Can Large Reasoning Models Self-Train?},
    author={Sheikh Shafayat and Fahim Tajwar and Ruslan Salakhutdinov and Jeff Schneider and Andrea Zanette},
    year={2025},
    journal={arXiv preprint arXiv:2505.21444}
}

@article{list2001epistemic,
title = "Epistemic democracy: Generalizing the condorcet jury theorem",
author = "Christian List and Goodin, {Robert E.}",
year = "2001",
doi = "10.1111/1467-9760.00128",
language = "English",
volume = "9",
pages = "277--306",
journal = "Journal of Political Philosophy",
issn = "0963-8016",
publisher = "Wiley-Blackwell Publishing Ltd",
number = "3",
}


@article{boland1989majority,
 ISSN = {00390526, 14679884},
 URL = {http://www.jstor.org/stable/2348873},
 author = {Philip J. Boland},
 journal = {Journal of the Royal Statistical Society. Series D (The Statistician)},
 number = {3},
 pages = {181--189},
 publisher = {[Royal Statistical Society, Wiley]},
 title = {Majority Systems and the Condorcet Jury Theorem},
 urldate = {2025-10-19},
 volume = {38},
 year = {1989}
}


@article{chan2025lean,
  doi = {10.5281/ZENODO.16408412},
 
  author = {Chan, Ryan Sze-Yin and Nanni, Federico and Lazauskas, Tomas and Wood, Rosie and Yong, Penelope and Tarassenko, Lionel and Girolami, Mark and Geddes, James and Duncan, Andrew},
  
  keywords = {Test time scaling, Reasoning models, Large language models, Retrieval augmented generation, synthetic query generation},
  
  title = {Retrieval-augmented reasoning with lean language models},
  
  journal = {The Alan Turing Institute},
  
  year = {2025},
  
  copyright = {Creative Commons Attribution Share Alike 4.0 International}
}
