@article{candes2009exact,
  title={Exact matrix completion via convex optimization},
  author={Cand{\`e}s, Emmanuel J and Recht, Benjamin},
  journal={Foundations of Computational mathematics},
  volume={9},
  number={6},
  pages={717},
  year={2009},
  publisher={Springer}
}

@article{cai2010singular,
    author = {Cai, Jian-Feng and Cand{\`e}s, Emmanuel J and Shen, Zuowei},
    title = {A Singular Value Thresholding Algorithm for Matrix Completion},
    journal = {SIAM Journal on Optimization},
    volume = {20},
    number = {4},
    year = {2010},
    pages = {1956--1982},
}
 
@article{ma2011fixed,
  author = {Ma, Shiqian and Goldfarb, Donald and Chen, Lifeng},
  journal = {Mathematical Programming},
  number = {1-2},
  pages = {321-353},
  title = {Fixed point and {Bregman} iterative methods for matrix rank minimization},
  volume = 128,
  year = 2011
}

@inproceedings{ji2009accelerated,
 author = {Ji, Shuiwang and Ye, Jieping},
 title = {An Accelerated Gradient Method for Trace Norm Minimization},
 booktitle = {International Conference on Machine Learning},
 year = {2009},
 pages = {457--464},
} 

@article{toh2010accelerated,
    author = {Toh, Kim-Chuan and Yun, Sangwoon},
    title = {An accelerated proximal gradient algorithm for nuclear norm regularized least squares problems},
    year = {2010},
	journal={Pacific Journal of Optimization},
	pages={615-640},
	volume={6}
}

@article{eckart1936approximation, 
author={Eckart, Carl and Young, Gale}, 
title={The approximation of one matrix by another of lower rank}, 
journal={Psychometrika},
volume={1},
number={3},
pages={211--218},
year={1936},
}

@inproceedings{jain2010guaranteed,
author = {Jain, Prateek and Meka, Raghu and Dhillon, Inderjit S},
title = {Guaranteed Rank Minimization via Singular Value Projection},
booktitle = {Advances in Neural Information Processing Systems},
pages={937--945},
year = {2010},
}

@article{goldfarb2011convergence,
  title={Convergence of fixed-point continuation algorithms for matrix rank minimization},
  author={Goldfarb, Donald and Ma, Shiqian},
  journal={Foundations of Computational Mathematics},
  volume={11},
  number={2},
  pages={183--210},
  year={2011},
  publisher={Springer}
}

@inproceedings{jain2015fast,
  title={Fast exact matrix completion with finite samples},
  author={Jain, Prateek and Netrapalli, Praneeth},
  booktitle={Conference on Learning Theory},
  pages={1007--1034},
  year={2015}
}

@article{tanner2013normalized,
  title={Normalized iterative hard thresholding for matrix completion},
  author={Tanner, Jared and Wei, Ke},
  journal={SIAM Journal on Scientific Computing},
  volume={35},
  number={5},
  pages={S104--S125},
  year={2013},
  publisher={SIAM}
}

@inproceedings{chunikhina2014performance,
  title={Performance analysis for matrix completion via iterative hard-thresholded {SVD}},
  author={Chunikhina, Evgenia and Raich, Raviv and Nguyen, Thinh},
  booktitle={IEEE Workshop on Statistical Signal Processing},
  pages={392--395},
  year={2014}
}

@article{lai2017convergence,
  title={On convergence of the alternating projection method for matrix completion and sparse recovery problems},
  author={Lai, Ming Jun and Varghese, Abraham},
  journal={arXiv preprint arXiv:1711.02151},
  year={2017}
}

@inproceedings{vu2019local,
  title={Local Convergence of the {H}eavy {B}all Method in Iterative Hard Thresholding for Low-rank Matrix Completion},
  author={Vu, Trung and Raich, Raviv},
  booktitle={IEEE International Conference on Acoustics, Speech and Signal Processing},
  pages={3417--3421},
  year={2019}
}

@inproceedings{vu2019accelerating,
  title={Accelerating Iterative Hard Thresholding For Low-rank Matrix Completion Via Adaptive Restart},
  author={Vu, Trung and Raich, Raviv},
  booktitle={IEEE International Conference on Acoustics, Speech and Signal Processing},
  pages={2917--2921},
  year={2019}
}

@article{chen2012matrix,
  title={Matrix completion via an alternating direction method},
  author={Chen, Caihua and He, Bingsheng and Yuan, Xiaoming},
  journal={IMA Journal of Numerical Analysis},
  volume={32},
  number={1},
  pages={227--245},
  year={2012},
  publisher={OUP}
}

@inproceedings{jain2013low,
  title={Low-rank matrix completion using alternating minimization},
  author={Jain, Prateek and Netrapalli, Praneeth and Sanghavi, Sujay},
  booktitle={Annual ACM Symposium on Theory of Computing},
  pages={665--674},
  year={2013}
}

@inproceedings{hardt2014understanding,
  title={Understanding alternating minimization for matrix completion},
  author={Hardt, Moritz},
  booktitle={IEEE Annual Symposium on Foundations of Computer Science},
  pages={651--660},
  year={2014}
}

@inproceedings{hardt2014fast,
  title={Fast matrix completion without the condition number},
  author={Hardt, Moritz and Wootters, Mary},
  booktitle={Conference on Learning Theory},
  pages={638--678},
  year={2014}
}

@article{sun2016guaranteed,
  title={Guaranteed matrix completion via non-convex factorization},
  author={Sun, Ruoyu and Luo, Zhi-Quan},
  journal={IEEE Transactions on Information Theory},
  volume={62},
  number={11},
  pages={6535--6579},
  year={2016},
  publisher={IEEE}
}

@article{chen2015fast,
  title={Fast low-rank estimation by projected gradient descent: General statistical and algorithmic guarantees},
  author={Chen, Yudong and Wainwright, Martin J},
  journal={arXiv preprint arXiv:1509.03025},
  year={2015}
}

@inproceedings{ma2018implicit,
  title={Implicit regularization in nonconvex statistical estimation: Gradient descent converges linearly for phase retrieval and matrix completion},
  author={Ma, Cong and Wang, Kaizheng and Chi, Yuejie and Chen, Yuxin},
  booktitle={International Conference on Machine Learning},
  pages={3345--3354},
  year={2018}
}

@inproceedings{ge2016matrix,
  title={Matrix completion has no spurious local minimum},
  author={Ge, Rong and Lee, Jason D and Ma, Tengyu},
  booktitle={Advances in Neural Information Processing Systems},
  pages={2973--2981},
  year={2016}
}

@article{keshavan2010matrix,
  title={Matrix completion from a few entries},
  author={Keshavan, Raghunandan H and Montanari, Andrea and Oh, Sewoong},
  journal={IEEE transactions on information theory},
  volume={56},
  number={6},
  pages={2980--2998},
  year={2010},
  publisher={IEEE}
}

@article{bhojanapalli2014universal,
  title={Universal matrix completion},
  author={Bhojanapalli, Srinadh and Jain, Prateek},
  journal={arXiv preprint arXiv:1402.2324},
  year={2014}
}

@article{lee2010admira,
  title={{ADMiRA}: Atomic decomposition for minimum rank approximation},
  author={Lee, Kiryung and Bresler, Yoram},
  journal={IEEE Transactions on Information Theory},
  volume={56},
  number={9},
  pages={4402--4416},
  year={2010},
  publisher={IEEE}
}

@article{wen2012solving,
  title={Solving a low-rank factorization model for matrix completion by a nonlinear successive over-relaxation algorithm},
  author={Wen, Zaiwen and Yin, Wotao and Zhang, Yin},
  journal={Mathematical Programming Computation},
  volume={4},
  number={4},
  pages={333--361},
  year={2012},
  publisher={Springer}
}

@article{polyak1964some,
  title={Some methods of speeding up the convergence of iteration methods},
  author={Polyak, Boris T},
  journal={USSR Computational Mathematics and Mathematical Physics},
  volume={4},
  number={5},
  pages={1--17},
  year={1964},
  publisher={Elsevier}
}

@book{bellman2008stability,
  title={Stability theory of differential equations},
  author={Bellman, Richard},
  year={2008},
  publisher={Courier Corporation}
}

@article{vu2020perturbation,
      title={Perturbation expansions and error bounds for the truncated singular value decomposition}, 
      author={Trung Vu and Evgenia Chunikhina and Raviv Raich},
      year={2020},
      journal={arXiv preprint arXiv:2009.07542},
      archivePrefix={arXiv},
      primaryClass={math.NA}
}

@inproceedings{rennie2005fast,
  title={Fast maximum margin matrix factorization for collaborative prediction},
  author={Rennie, Jasson DM and Srebro, Nathan},
  booktitle={International Conference on Machine learning},
  pages={713--719},
  year={2005}
}

@article{liu2009interior,
  title={Interior-point method for nuclear norm approximation with application to system identification},
  author={Liu, Zhang and Vandenberghe, Lieven},
  journal={SIAM Journal on Matrix Analysis and Applications},
  volume={31},
  number={3},
  pages={1235--1256},
  year={2009},
  publisher={SIAM}
}

@article{candes2011robust,
  title={Robust principal component analysis?},
  author={Cand{\`e}s, Emmanuel J and Li, Xiaodong and Ma, Yi and Wright, John},
  journal={Journal of the ACM},
  volume={58},
  number={3},
  pages={11},
  year={2011},
  publisher={ACM}
}

@article{burer2005local,
  title={Local minima and convergence in low-rank semidefinite programming},
  author={Burer, Samuel and Monteiro, Renato DC},
  journal={Mathematical Programming},
  volume={103},
  number={3},
  pages={427--444},
  year={2005},
  publisher={Springer}
}

@article{koren2009bellkor,
  title={The {B}ell{K}or solution to the {N}etflix grand prize},
  author={Koren, Yehuda},
  journal={Netflix prize documentation},
  volume={81},
  number={2009},
  pages={1--10},
  year={2009}
}

@inproceedings{vu2018adaptive,
title={Adaptive Step Size Momentum Method For Deconvolution},
author={Vu, Trung and Raich, Raviv},
booktitle={IEEE Statistical Signal Processing Workshop},
pages={438--442},
year={2018}
}


@article{gelfand1941normierte,
  title={Normierte ringe},
  author={Gelfand, Izrail},
  journal={Mathematics Sbornik},
  volume={9},
  number={1},
  pages={3--24},
  year={1941},
}





















