@article{payer2019segmenting,
  title={Segmenting and tracking cell instances with cosine embeddings and recurrent hourglass networks},
  author={Payer, Christian and {\v{S}}tern, Darko and Feiner, Marlies and Bischof, Horst and Urschler, Martin},
  journal={Medical image analysis},
  volume={57},
  pages={106--119},
  year={2019},
  publisher={Elsevier}
}