

@ARTICLE{b1,
  title={On the digital trail of mobile cells},
  author={Zimmer, Christophe and Zhang, Bo and Dufour, Alexandre and Th{\'e}baud, Aym{\'e}ric and Berlemont, Sylvain and Meas-Yedid, Vannary and Marin, J-CO},
  journal={IEEE Signal Processing Magazine},
  volume={23},
  number={3},
  pages={54--62},
  year={2006},
  publisher={IEEE}
}

@ARTICLE{b2,
  title={Morphogenetic cell movements: diversity from modular mechanical properties},
  author={Montell, Denise J},
  journal={Science},
  volume={322},
  number={5907},
  pages={1502--1505},
  year={2008},
  publisher={American Association for the Advancement of Science}
}

@ARTICLE{b3,
  title={Macrophages: obligate partners for tumor cell migration, invasion, and metastasis},
  author={Condeelis, John and Pollard, Jeffrey W},
  journal={Cell},
  volume={124},
  number={2},
  pages={263--266},
  year={2006},
  publisher={Elsevier}
}

@ARTICLE{b4,
  title={Direct observation and quantification of macrophage chemoattraction to the growth factor CSF-1},
  author={Webb, Sarah E and Pollard, Jeffrey W and Jones, Gareth E},
  journal={Journal of Cell Science},
  volume={109},
  number={4},
  pages={793--803},
  year={1996},
  publisher={The Company of Biologists Ltd}
}

@ARTICLE{b5,
  title={A role for Cdc42 in macrophage chemotaxis},
  author={Allen, William E and Zicha, Daniel and Ridley, Anne J and Jones, Gareth E},
  journal={The Journal of cell biology},
  volume={141},
  number={5},
  pages={1147--1157},
  year={1998},
  publisher={The Rockefeller University Press}
}

@ARTICLE{b6,
  title={Exponential distribution of locomotion activity in cell cultures},
  author={Czir{\'o}k, Andr{\'a}s and Schlett, Katalin and Madar{\'a}sz, Em{\'\i}lia and Vicsek, Tam{\'a}s},
  journal={Physical Review Letters},
  volume={81},
  number={14},
  pages={3038},
  year={1998},
  publisher={APS}
}

@ARTICLE{b7,
  title={Tracking of migrating cells under phase-contrast video microscopy with combined mean-shift processes},
  author={Debeir, Olivier and Van Ham, Philippe and Kiss, Robert and Decaestecker, Christine},
  journal={IEEE transactions on medical imaging},
  volume={24},
  number={6},
  pages={697--711},
  year={2005},
  publisher={IEEE}
}

@ARTICLE{b8,
  title={In vivo MRI cell tracking: clinical studies},
  author={Bulte, Jeff WM},
  journal={American Journal of Roentgenology},
  volume={193},
  number={2},
  pages={314--325},
  year={2009},
  publisher={Am Roentgen Ray Soc}
}

@ARTICLE{b9,
  title={Cell tracking with optical imaging},
  author={Sutton, Elizabeth J and Henning, Tobias D and Pichler, Bernd J and Bremer, Christoph and Daldrup-Link, Heike E},
  journal={European radiology},
  volume={18},
  number={10},
  pages={2021--2032},
  year={2008},
  publisher={Springer}
}

@ARTICLE{b10,
  title={Gradient-based learning applied to document recognition},
  author={LeCun, Yann and Bottou, L{\'e}on and Bengio, Yoshua and Haffner, Patrick},
  journal={Proceedings of the IEEE},
  volume={86},
  number={11},
  pages={2278--2324},
  year={1998},
  publisher={Ieee}
}

@ARTICLE{b11,
  title={Long short-term memory},
  author={Hochreiter, Sepp and Schmidhuber, J{\"u}rgen},
  journal={Neural computation},
  volume={9},
  number={8},
  pages={1735--1780},
  year={1997},
  publisher={MIT Press}
}

@CONFERENCE{b12,
  title={U-net: Convolutional networks for biomedical image segmentation},
  author={Ronneberger, Olaf and Fischer, Philipp and Brox, Thomas},
  booktitle={International Conference on Medical image computing and computer-assisted intervention},
  pages={234--241},
  year={2015},
  organization={Springer}
}

@ARTICLE{b13,
  title={DCAN: Deep contour-aware networks for object instance segmentation from histology images},
  author={Chen, Hao and Qi, Xiaojuan and Yu, Lequan and Dou, Qi and Qin, Jing and Heng, Pheng-Ann},
  journal={Medical image analysis},
  volume={36},
  pages={135--146},
  year={2017},
  publisher={Elsevier}
}

@ARTICLE{b14,
  title={MILD-net: minimal information loss dilated network for gland instance segmentation in colon histology images},
  author={Graham, Simon and Chen, Hao and Gamper, Jevgenij and Dou, Qi and Heng, Pheng-Ann and Snead, David and Tsang, Yee Wah and Rajpoot, Nasir},
  journal={Medical image analysis},
  volume={52},
  pages={199--211},
  year={2019},
  publisher={Elsevier}
}

@ARTICLE{b15,
  title={Segmenting and tracking cell instances with cosine embeddings and recurrent hourglass networks},
  author={Payer, Christian and {\v{S}}tern, Darko and Feiner, Marlies and Bischof, Horst and Urschler, Martin},
  journal={Medical image analysis},
  volume={57},
  pages={106--119},
  year={2019},
  publisher={Elsevier}
}

@CONFERENCE{b16,
  title={Efficient mean-shift clustering using gaussian kd-tree},
  author={Xiao, Chunxia and Liu, Meng},
  booktitle={Computer Graphics Forum},
  volume={29},
  number={7},
  pages={2065--2073},
  year={2010},
  organization={Wiley Online Library}
}

@book{b17,
  title={Covering immigration: Popular images and the politics of the nation},
  author={Chavez, Leo Ralph},
  year={2001},
  publisher={University of California Press Berkeley}
}

@ARTICLE{b18,
  title={Implementation of the parallel mean shift-based image segmentation algorithm on a GPU cluster},
  author={Fang, Huang and Chen, Yinjie and Li, Li and Zhou, Ji and Tao, Jian and Tan, Xicheng and Fan, Guangsong},
  journal={International Journal of Digital Earth},
  volume={12},
  number={3},
  pages={328--353},
  year={2019},
  publisher={Taylor \& Francis}
}

@incollection{b19,
  title={Accelerating mean shift segmentation algorithm on hybrid cpu/gpu platforms},
  author={Miaoqing, Huang and Men, Liang and Lai, Chenggang},
  booktitle={Modern Accelerator Technologies for Geographic Information Science},
  pages={157--166},
  year={2013},
  publisher={Springer}
}

@ARTICLE{b20,
  title={An objective comparison of cell-tracking algorithms},
  author={Ulman, Vladim{\'\i}r and Ma{\v{s}}ka, Martin and Magnusson, Klas EG and Ronneberger, Olaf and Haubold, Carsten and Harder, Nathalie and Matula, Pavel and Matula, Petr and Svoboda, David and Radojevic, Miroslav and others},
  journal={Nature methods},
  volume={14},
  number={12},
  pages={1141--1152},
  year={2017},
  publisher={Nature Publishing Group}
}

@ARTICLE{b21,
  title={Mean shift: A robust approach toward feature space analysis},
  author={Comaniciu, Dorin and Meer, Peter},
  journal={IEEE Transactions on pattern analysis and machine intelligence},
  volume={24},
  number={5},
  pages={603--619},
  year={2002},
  publisher={IEEE}
}

@CONFERENCE{b22,
  title={Imagenet classification with deep convolutional neural networks},
  author={Krizhevsky, Alex and Sutskever, Ilya and Hinton, Geoffrey E},
  booktitle={Advances in neural information processing systems},
  pages={1097--1105},
  year={2012}
}

@CONFERENCE{b23,
  title={Rich feature hierarchies for accurate object detection and semantic segmentation},
  author={Girshick, Ross and Donahue, Jeff and Darrell, Trevor and Malik, Jitendra},
  booktitle={Proceedings of the IEEE conference on computer vision and pattern recognition},
  pages={580--587},
  year={2014}
}

@ARTICLE{b24,
  title={Learning phrase representations using RNN encoder-decoder for statistical machine translation},
  author={Cho, Kyunghyun and Van Merri{\"e}nboer, Bart and Gulcehre, Caglar and Bahdanau, Dzmitry and Bougares, Fethi and Schwenk, Holger and Bengio, Yoshua},
  journal={arXiv preprint arXiv:1406.1078},
  year={2014}
}

@ARTICLE{b25,
  title={Cloud Shape Classification System Based on Multi-Channel CNN and Improved FDM},
  author={Zhao, Mengyang and Chang, Chorng Hwa and Xie, Wenbin and Xie, Zhou and Hu, Jinyong},
  journal={IEEE Access},
  volume={8},
  pages={44111--44124},
  year={2020},
  publisher={IEEE}
}

@ARTICLE{b26,
  title={Delving deeper into convolutional networks for learning video representations},
  author={Ballas, Nicolas and Yao, Li and Pal, Chris and Courville, Aaron},
  journal={arXiv preprint arXiv:1511.06432},
  year={2015}
}

@CONFERENCE{b27,
  title={Stacked hourglass networks for human pose estimation},
  author={Newell, Alejandro and Yang, Kaiyu and Deng, Jia},
  booktitle={European conference on computer vision},
  pages={483--499},
  year={2016},
  organization={Springer}
}

@ARTICLE{b28,
  title={Hierarchical density estimates for data clustering, visualization, and outlier detection},
  author={Campello, Ricardo JGB and Moulavi, Davoud and Zimek, Arthur and Sander, J{\"o}rg},
  journal={ACM Transactions on Knowledge Discovery from Data (TKDD)},
  volume={10},
  number={1},
  pages={1--51},
  year={2015},
  publisher={ACM New York, NY, USA}
}

@ARTICLE{b29,
  title={A study of the cosine distance-based mean shift for telephone speech diarization},
  author={Senoussaoui, Mohammed and Kenny, Patrick and Stafylakis, Themos and Dumouchel, Pierre},
  journal={IEEE/ACM Transactions on Audio, Speech, and Language Processing},
  volume={22},
  number={1},
  pages={217--227},
  year={2013},
  publisher={IEEE}
}

@CONFERENCE{b30,
  title={Mean-shift of variable window based on the Epanechnikov Kernel},
  author={Guo, Qingchang and Chang, Xiaojuan and Chu, Hongxia},
  booktitle={2007 International Conference on Mechatronics and Automation},
  pages={2314--2319},
  year={2007},
  organization={IEEE}
}

@ARTICLE{b31,
  title={The estimation of the gradient of a density function, with applications in pattern recognition},
  author={Fukunaga, Keinosuke and Hostetler, Larry},
  journal={IEEE Transactions on information theory},
  volume={21},
  number={1},
  pages={32--40},
  year={1975},
  publisher={IEEE}
}

@ARTICLE{b32,
  title={GriSPy: A Python package for Fixed-Radius Nearest Neighbors Search},
  author={Chalela, Martin and Sillero, Emanuel and Pereyra, Luis and Garc{\'\i}a, Mario Alejandro and Cabral, Juan B and Lares, Marcelo and Merch{\'a}n, Manuel},
  journal={arXiv preprint arXiv:1912.09585},
  year={2019}
}

@misc{b33,
  author = {sklearn},
  title={Scikit-learn Machine Learning in Python},
  howpublished = "\url{https://scikit-learn.org/stable/index.html}",
  year = {2015}
}

@misc{b34,
  author = {NVIDIA},
  title={NVIDIA, V. (2013). TESLA K20 GPU accelerator board specification.},
  howpublished = "\url{https://www.nvidia.com/content/dam/en-zz/Solutions/Data-Center/tesla-product-literature/Tesla-K80-BoardSpec-07317-001-v05.pdf}",
  year = {2015}
}

@misc{b35,
  author = {Microsoft},
  title={Azure NC-series},
  howpublished = "\url{https://docs.microsoft.com/en-us/azure/virtual-machines/nc-series}",
  year = {2020}
}

@ARTICLE{b36,
  title={The similarity metric},
  author={Li, Ming and Chen, Xin and Li, Xin and Ma, Bin and Vit{\'a}nyi, Paul MB},
  journal={IEEE transactions on Information Theory},
  volume={50},
  number={12},
  pages={3250--3264},
  year={2004},
  publisher={IEEE}
}

@CONFERENCE{b37,
  title={Accelerating K-Means clustering with parallel implementations and GPU computing},
  author={Bhimani, Janki and Leeser, Miriam and Mi, Ningfang},
  booktitle={2015 IEEE High Performance Extreme Computing Conference (HPEC)},
  pages={1--6},
  year={2015},
  organization={IEEE}
}

@misc{b38,
  author = {NVIDIA},
  title={NVIDIA Management Library (NVML)},
  howpublished = "\url{https://developer.nvidia.com/nvidia-management-library-nvml}",
  year = {2020}
}

@ARTICLE{b39,
  title={Cell tracking accuracy measurement based on comparison of acyclic oriented graphs},
  author={Matula, Pavel and Ma{\v{s}}ka, Martin and Sorokin, Dmitry V and Matula, Petr and Ortiz-de-Sol{\'o}rzano, Carlos and Kozubek, Michal},
  journal={PloS one},
  volume={10},
  number={12},
  pages={e0144959},
  year={2015},
  publisher={Public Library of Science San Francisco, CA USA}
}

@inproceedings{b40,
  title={Instance segmentation of biological images using harmonic embeddings},
  author={Kulikov, Victor and Lempitsky, Victor},
  booktitle={Proceedings of the IEEE/CVF Conference on Computer Vision and Pattern Recognition},
  pages={3843--3851},
  year={2020}
}


@inproceedings{b41,
  title={Instance Segmentation of Biomedical Images with an Object-Aware Embedding Learned with Local Constraints},
  author={Chen, Long and Strauch, Martin and Merhof, Dorit},
  booktitle={International Conference on Medical Image Computing and Computer-Assisted Intervention},
  pages={451--459},
  year={2019},
  organization={Springer}
}

@article{b42,
  title={Cloud computing: a new business paradigm for biomedical information sharing},
  author={Rosenthal, Arnon and Mork, Peter and Li, Maya Hao and Stanford, Jean and Koester, David and Reynolds, Patti},
  journal={Journal of biomedical informatics},
  volume={43},
  number={2},
  pages={342--353},
  year={2010},
  publisher={Elsevier}
}

@article{b43,
  title={Every planar map is four colorable},
  author={Appel, Kenneth and Haken, Wolfgang},
  journal={Bulletin of the American mathematical Society},
  volume={82},
  number={5},
  pages={711--712},
  year={1976}
}

