@String(PAMI = {IEEE Trans. Pattern Anal. Mach. Intell.})
@String(IJCV = {Int. J. Comput. Vis.})
@String(CVPR= {IEEE Conf. Comput. Vis. Pattern Recog.})
@String(ICCV= {Int. Conf. Comput. Vis.})
@String(ECCV= {Eur. Conf. Comput. Vis.})
@String(NIPS= {Adv. Neural Inform. Process. Syst.})
@String(ICPR = {Int. Conf. Pattern Recog.})
@String(BMVC= {Brit. Mach. Vis. Conf.})
@String(TOG= {ACM Trans. Graph.})
@String(TIP  = {IEEE Trans. Image Process.})
@String(TVCG  = {IEEE Trans. Vis. Comput. Graph.})
@String(TMM  = {IEEE Trans. Multimedia})
@String(ACMMM= {ACM Int. Conf. Multimedia})
@String(ICME = {Int. Conf. Multimedia and Expo})
@String(ICASSP=	{ICASSP})
@String(ICIP = {IEEE Int. Conf. Image Process.})
@String(ACCV  = {ACCV})
@String(ICLR = {Int. Conf. Learn. Represent.})
@String(IJCAI = {IJCAI})
@String(PR   = {Pattern Recognition})
@String(AAAI = {AAAI})
@String(CVPRW= {IEEE Conf. Comput. Vis. Pattern Recog. Worksh.})
@String(CSVT = {IEEE Trans. Circuit Syst. Video Technol.})

@String(SPL	= {IEEE Sign. Process. Letters})
@String(VR   = {Vis. Res.})
@String(JOV	 = {J. Vis.})
@String(TVC  = {The Vis. Comput.})
@String(JCST  = {J. Comput. Sci. Tech.})
@String(CGF  = {Comput. Graph. Forum})
@String(CVM = {Computational Visual Media})


@String(PAMI  = {IEEE TPAMI})
@String(IJCV  = {IJCV})
@String(CVPR  = {CVPR})
@String(ICCV  = {ICCV})
@String(ECCV  = {ECCV})
@String(NIPS  = {NeurIPS})
@String(ICPR  = {ICPR})
@String(BMVC  =	{BMVC})
@String(TOG   = {ACM TOG})
@String(TIP   = {IEEE TIP})
@String(TVCG  = {IEEE TVCG})
@String(TCSVT = {IEEE TCSVT})
@String(TMM   =	{IEEE TMM})
@String(ACMMM = {ACM MM})
@String(ICME  =	{ICME})
@String(ICASSP=	{ICASSP})
@String(ICIP  = {ICIP})
@String(ACCV  = {ACCV})
@String(ICLR  = {ICLR})
@String(IJCAI = {IJCAI})
@String(PR = {PR})
@String(AAAI = {AAAI})
@String(CVPRW= {CVPRW})
@String(CSVT = {IEEE TCSVT})


@inproceedings{petrv2,
	title={Petrv2: A unified framework for 3d perception from multi-camera images},
	author={Liu, Yingfei and Yan, Junjie and Jia, Fan and Li, Shuailin and Gao, Aqi and Wang, Tiancai and Zhang, Xiangyu},
	booktitle={ICCV},
	pages={3262--3272},
	year={2023}
}
@article{3dgs,
	title={3d gaussian splatting for real-time radiance field rendering},
	author={Kerbl, Bernhard and Kopanas, Georgios and Leimk{\"u}hler, Thomas and Drettakis, George},
	journal={ToG},
	volume={42},
	number={4},
	pages={1--14},
	year={2023},
	publisher={ACM}
}
@inproceedings{carla,
  title={CARLA: An open urban driving simulator},
  author={Dosovitskiy, Alexey and Ros, German and Codevilla, Felipe and Lopez, Antonio and Koltun, Vladlen},
  booktitle={CoRL},
  pages={1--16},
  year={2017},
  organization={PMLR}
}
@article{chen2022co,
  title={CO\^{} 3: Cooperative Unsupervised 3D Representation Learning for Autonomous Driving},
  author={Chen, Runjian and Mu, Yao and Xu, Runsen and Shao, Wenqi and Jiang, Chenhan and Xu, Hang and Li, Zhenguo and Luo, Ping},
  journal={arXiv preprint arXiv:2206.04028},
  year={2022}
}
@inproceedings{xiao2021action,
  title={Action-based representation learning for autonomous driving},
  author={Xiao, Yi and Codevilla, Felipe and Pal, Christopher and Lopez, Antonio},
  booktitle={CoRL},
  pages={232--246},
  year={2021},
  organization={PMLR}
}
@inproceedings{liang2022effective,
  title={Effective adaptation in multi-task co-training for unified autonomous driving},
  author={Liang, Xiwen and Wu, Yangxin and Han, Jianhua and Xu, Hang and Xu, Chunjing and Liang, Xiaodan},
  booktitle={NIPS},
  volume={35},
  pages={19645--19658},
  year={2022}
}
@inproceedings{chen2021multisiam,
  title={Multisiam: Self-supervised multi-instance siamese representation learning for autonomous driving},
  author={Chen, Kai and Hong, Lanqing and Xu, Hang and Li, Zhenguo and Yeung, Dit-Yan},
  booktitle={ICCV},
  pages={7546--7554},
  year={2021}
}
@article{wang2023tsp,
	title={TSP-Transformer: Task-Specific Prompts Boosted Transformer for Holistic Scene Understanding},
	author={Wang, Shuo and Li, Jing and Zhao, Zibo and Lian, Dongze and Huang, Binbin and Wang, Xiaomei and Li, Zhengxin and Gao, Shenghua},
	journal={arXiv preprint arXiv:2311.03427},
	year={2023}
}
@inproceedings{liang2023visual,
	title={Visual Exemplar Driven Task-Prompting for Unified Perception in Autonomous Driving},
	author={Liang, Xiwen and Niu, Minzhe and Han, Jianhua and Xu, Hang and Xu, Chunjing and Liang, Xiaodan},
	booktitle={CVPR},
	pages={9611--9621},
	year={2023}
}
@inproceedings{zhang2023adding,
	title={Adding conditional control to text-to-image diffusion models},
	author={Zhang, Lvmin and Rao, Anyi and Agrawala, Maneesh},
	booktitle={ICCV},
	pages={3836--3847},
	year={2023}
}
@article{wang2023mvcontrast,
	title={MVContrast: Unsupervised Pretraining for Multi-view 3D Object Recognition},
	author={Wang, Luequan and Xu, Hongbin and Kang, Wenxiong},
	journal={MIR},
	pages={1--12},
	year={2023},
	publisher={Springer}
}
@inproceedings{distillbev,
	title={DistillBEV: Boosting Multi-Camera 3D Object Detection with Cross-Modal Knowledge Distillation},
	author={Wang, Zeyu and Li, Dingwen and Luo, Chenxu and Xie, Cihang and Yang, Xiaodong},
	booktitle={ICCV},
	pages={8637--8646},
	year={2023}
}
@article{gao2022enhance,
	title={Enhance Sample Efficiency and Robustness of End-to-end Urban Autonomous Driving via Semantic Masked World Model},
	author={Gao, Zeyu and Mu, Yao and Shen, Ruoyan and Chen, Chen and Ren, Yangang and Chen, Jianyu and Li, Shengbo Eben and Luo, Ping and Lu, Yanfeng},
	journal={arXiv preprint arXiv:2210.04017},
	year={2022}
}
@inproceedings{pan2022iso,
	title={Iso-dream: Isolating and leveraging noncontrollable visual dynamics in world models},
	author={Pan, Minting and Zhu, Xiangming and Wang, Yunbo and Yang, Xiaokang},
	booktitle={NIPS},
	volume={35},
	pages={23178--23191},
	year={2022}
}
@inproceedings{khurana2022differentiable,
	title={Differentiable raycasting for self-supervised occupancy forecasting},
	author={Khurana, Tarasha and Hu, Peiyun and Dave, Achal and Ziglar, Jason and Held, David and Ramanan, Deva},
	booktitle={ECCV},
	pages={353--369},
	year={2022},
	organization={Springer}
}
@article{liu2023lidar,
	title={LiDAR-based 4D Occupancy Completion and Forecasting},
	author={Liu, Xinhao and Gong, Moonjun and Fang, Qi and Xie, Haoyu and Li, Yiming and Zhao, Hang and Feng, Chen},
	journal={arXiv preprint arXiv:2310.11239},
	year={2023}
}
@inproceedings{ppgeo,
	title={Policy pre-training for end-to-end autonomous driving via self-supervised geometric modeling},
	author={Wu, Penghao and Chen, Li and Li, Hongyang and Jia, Xiaosong and Yan, Junchi and Qiao, Yu},
	booktitle={ICLR},
	year={2023}
}
@inproceedings{seo2023multi,
	title={Multi-view masked world models for visual robotic manipulation},
	author={Seo, Younggyo and Kim, Junsu and James, Stephen and Lee, Kimin and Shin, Jinwoo and Abbeel, Pieter},
	booktitle={ICML},
	year={2023}
}
@article{bogdoll2023exploring,
	title={Exploring the Potential of World Models for Anomaly Detection in Autonomous Driving},
	author={Bogdoll, Daniel and Bosch, Lukas and Joseph, Tim and Gremmelmaier, Helen and Yang, Yitian and Z{\"o}llner, J Marius},
	journal={arXiv preprint arXiv:2308.05701},
	year={2023}
}
@article{wavbi,
	title={Learning Unsupervised World Models for Autonomous Driving via Discrete Diffusion},
	author={Zhang, Lunjun and Xiong, Yuwen and Yang, Ze and Casas, Sergio and Hu, Rui and Urtasun, Raquel},
	journal={arXiv preprint arXiv:2311.01017},
	year={2023}
}
@inproceedings{sheng2023contrastive,
	title={Contrastive Predictive Autoencoders for Dynamic Point Cloud Self-Supervised Learning},
	author={Sheng, Xiaoxiao and Shen, Zhiqiang and Xiao, Gang},
	booktitle={AAAI},
	year={2023}
}
@article{fei2023self,
	title={Self-supervised Learning for Pre-Training 3D Point Clouds: A Survey},
	author={Fei, Ben and Yang, Weidong and Liu, Liwen and Luo, Tianyue and Zhang, Rui and Li, Yixuan and He, Ying},
	journal={arXiv preprint arXiv:2305.04691},
	year={2023}
}
@inproceedings{uni3d,
	title={Uni3d: A unified baseline for multi-dataset 3d object detection},
	author={Zhang, Bo and Yuan, Jiakang and Shi, Botian and Chen, Tao and Li, Yikang and Qiao, Yu},
	booktitle={CVPR},
	pages={9253--9262},
	year={2023}
}
@inproceedings{nunes2023temporal,
	title={Temporal Consistent 3D LiDAR Representation Learning for Semantic Perception in Autonomous Driving},
	author={Nunes, Lucas and Wiesmann, Louis and Marcuzzi, Rodrigo and Chen, Xieyuanli and Behley, Jens and Stachniss, Cyrill},
	booktitle={CVPR},
	pages={5217--5228},
	year={2023}
}
@inproceedings{wu2023spatiotemporal,
	title={Spatiotemporal Self-supervised Learning for Point Clouds in the Wild},
	author={Wu, Yanhao and Zhang, Tong and Ke, Wei and S{\"u}sstrunk, Sabine and Salzmann, Mathieu},
	booktitle={CVPR},
	pages={5251--5260},
	year={2023}
}
@inproceedings{pimae,
	title={Pimae: Point cloud and image interactive masked autoencoders for 3d object detection},
	author={Chen, Anthony and Zhang, Kevin and Zhang, Renrui and Wang, Zihan and Lu, Yuheng and Guo, Yandong and Zhang, Shanghang},
	booktitle={CVPR},
	pages={5291--5301},
	year={2023}
}
@inproceedings{iscc,
	title={Implicit surface contrastive clustering for LiDAR point clouds},
	author={Zhang, Zaiwei and Bai, Min and Li, Erran},
	booktitle={CVPR},
	pages={21716--21725},
	year={2023}
}
@inproceedings{sp,
	title={Semantic Prompt for Few-Shot Image Recognition},
	author={Chen, Wentao and Si, Chenyang and Zhang, Zhang and Wang, Liang and Wang, Zilei and Tan, Tieniu},
	booktitle={CVPR},
	pages={23581--23591},
	year={2023}
}

@article{unipad,
	title={UniPAD: A Universal Pre-training Paradigm for Autonomous Driving},
	author={Yang, Honghui and Zhang, Sha and Huang, Di and Wu, Xiaoyang and Zhu, Haoyi and He, Tong and Tang, Shixiang and Zhao, Hengshuang and Qiu, Qibo and Lin, Binbin and others},
	journal={arXiv preprint arXiv:2310.08370},
	year={2023}
}
@article{ponderv2,
	title={PonderV2: Pave the Way for 3D Foundataion Model with A Universal Pre-training Paradigm},
	author={Zhu, Haoyi and Yang, Honghui and Wu, Xiaoyang and Huang, Di and Zhang, Sha and He, Xianglong and He, Tong and Zhao, Hengshuang and Shen, Chunhua and Qiao, Yu and others},
	journal={arXiv preprint arXiv:2310.08586},
	year={2023}
}
@article{spot,
	title={SPOT: Scalable 3D Pre-training via Occupancy Prediction for Autonomous Driving},
	author={Yan, Xiangchao and Chen, Runjian and Zhang, Bo and Yuan, Jiakang and Cai, Xinyu and Shi, Botian and Shao, Wenqi and Yan, Junchi and Luo, Ping and Qiao, Yu},
	journal={arXiv preprint arXiv:2309.10527},
	year={2023}
}
@inproceedings{ad-pt,
	title={AD-PT: Autonomous Driving Pre-Training with Large-scale Point Cloud Dataset},
	author={Yuan, Jiakang and Zhang, Bo and Yan, Xiangchao and Chen, Tao and Shi, Botian and Li, Yikang and Qiao, Yu},
	booktitle={NIPS},
	year={2023}
}
@inproceedings{mv-jar,
	title={MV-JAR: Masked Voxel Jigsaw and Reconstruction for LiDAR-Based Self-Supervised Pre-Training},
	author={Xu, Runsen and Wang, Tai and Zhang, Wenwei and Chen, Runjian and Cao, Jinkun and Pang, Jiangmiao and Lin, Dahua},
	booktitle={CVPR},
	pages={13445--13454},
	year={2023}
}
@inproceedings{geomae,
	title={GeoMAE: Masked Geometric Target Prediction for Self-supervised Point Cloud Pre-Training},
	author={Tian, Xiaoyu and Ran, Haoxi and Wang, Yue and Zhao, Hang},
	booktitle={CVPR},
	pages={13570--13580},
	year={2023}
}
@inproceedings{also,
	title={Also: Automotive lidar self-supervision by occupancy estimation},
	author={Boulch, Alexandre and Sautier, Corentin and Michele, Bj{\"o}rn and Puy, Gilles and Marlet, Renaud},
	booktitle={CVPR},
	pages={13455--13465},
	year={2023}
}
@inproceedings{strl,
	title={Spatio-temporal self-supervised representation learning for 3d point clouds},
	author={Huang, Siyuan and Xie, Yichen and Zhu, Song-Chun and Zhu, Yixin},
	booktitle={ICCV},
	pages={6535--6545},
	year={2021}
}
@inproceedings{gd-mae,
	title={GD-MAE: generative decoder for MAE pre-training on lidar point clouds},
	author={Yang, Honghui and He, Tong and Liu, Jiaheng and Chen, Hua and Wu, Boxi and Lin, Binbin and He, Xiaofei and Ouyang, Wanli},
	booktitle={CVPR},
	pages={9403--9414},
	year={2023}
}
@article{occupancy-mae,
	title={Occupancy-MAE: Self-Supervised Pre-Training Large-Scale LiDAR Point Clouds With Masked Occupancy Autoencoders},
	author={Min, Chen and Xiao, Liang and Zhao, Dawei and Nie, Yiming and Dai, Bin},
	journal={TIV},
	year={2023},
	publisher={IEEE}
}
@inproceedings{voxel-mae,
	title={Masked autoencoder for self-supervised pre-training on lidar point clouds},
	author={Hess, Georg and Jaxing, Johan and Svensson, Elias and Hagerman, David and Petersson, Christoffer and Svensson, Lennart},
	booktitle={WACVW},
	pages={350--359},
	year={2023}
}

@inproceedings{proposalcontrast,
	title={Proposalcontrast: Unsupervised pre-training for lidar-based 3d object detection},
	author={Yin, Junbo and Zhou, Dingfu and Zhang, Liangjun and Fang, Jin and Xu, Cheng-Zhong and Shen, Jianbing and Wang, Wenguan},
	booktitle={ECCV},
	pages={17--33},
	year={2022},
	organization={Springer}
}
@inproceedings{gcc3d,
	title={Exploring geometry-aware contrast and clustering harmonization for self-supervised 3d object detection},
	author={Liang, Hanxue and Jiang, Chenhan and Feng, Dapeng and Chen, Xin and Xu, Hang and Liang, Xiaodan and Zhang, Wei and Li, Zhenguo and Van Gool, Luc},
	booktitle={ICCV},
	pages={3293--3302},
	year={2021}
}

@inproceedings{bevcontrast,
	title={BEVContrast: Self-Supervision in BEV Space for Automotive Lidar Point Clouds},
	author={Sautier, Corentin and Puy, Gilles and Boulch, Alexandre and Marlet, Renaud and Lepetit, Vincent},
	booktitle={3DV},
	year={2024}
}
@article{driveanywhere,
	title={Drive Anywhere: Generalizable End-to-end Autonomous Driving with Multi-modal Foundation Models},
	author={Wang, Tsun-Hsuan and Maalouf, Alaa and Xiao, Wei and Ban, Yutong and Amini, Alexander and Rosman, Guy and Karaman, Sertac and Rus, Daniela},
	journal={arXiv preprint arXiv:2310.17642},
	year={2023}
}

@article{mahjourian2022occupancy,
	title={Occupancy flow fields for motion forecasting in autonomous driving},
	author={Mahjourian, Reza and Kim, Jinkyu and Chai, Yuning and Tan, Mingxing and Sapp, Ben and Anguelov, Dragomir},
	journal={RA-L},
	volume={7},
	number={2},
	pages={5639--5646},
	year={2022},
	publisher={IEEE}
}

@inproceedings{pcf,
	title={Point Cloud Forecasting as a Proxy for 4D Occupancy Forecasting},
	author={Khurana, Tarasha and Hu, Peiyun and Held, David and Ramanan, Deva},
	booktitle={CVPR},
	pages={1116--1124},
	year={2023}
}

@inproceedings{implicit,
	title={Implicit Occupancy Flow Fields for Perception and Prediction in Self-Driving},
	author={Agro, Ben and Sykora, Quinlan and Casas, Sergio and Urtasun, Raquel},
	booktitle={CVPR},
	pages={1379--1388},
	year={2023}
}

@article{uncertainty,
	title={Distinguishing two dimensions of uncertainty},
	author={Fox, Craig R and {\"U}lk{\"u}men, G{\"u}lden},
	year={2011}
}
@article{uvtr,
	title={Unifying voxel-based representation with transformer for 3d object detection},
	author={Li, Yanwei and Chen, Yilun and Qi, Xiaojuan and Li, Zeming and Sun, Jian and Jia, Jiaya},
	journal={NIPS},
	volume={35},
	pages={18442--18455},
	year={2022}
}
@misc{openscene,
	author = {OpenScene Contributors},
	title = {OpenScene: The Largest Up-to-Date 3D Occupancy Prediction Benchmark in Autonomous Driving},
	url = {https://github.com/OpenDriveLab/OpenScene},
	year = {2023}
}
@article{gptdriver,
	title={GPT-Driver: Learning to Drive with GPT},
	author={Mao, Jiageng and Qian, Yuxi and Zhao, Hang and Wang, Yue},
	journal={arXiv preprint arXiv:2310.01415},
	year={2023}
}
@article{bevgpt,
	title={BEVGPT: Generative Pre-trained Large Model for Autonomous Driving Prediction, Decision-Making, and Planning},
	author={Wang, Pengqin and Zhu, Meixin and Lu, Hongliang and Zhong, Hui and Chen, Xianda and Shen, Shaojie and Wang, Xuesong and Wang, Yinhai},
	journal={arXiv preprint arXiv:2310.10357},
	year={2023}
}
@inproceedings{eo,
	title={Differentiable raycasting for self-supervised occupancy forecasting},
	author={Khurana, Tarasha and Hu, Peiyun and Dave, Achal and Ziglar, Jason and Held, David and Ramanan, Deva},
	booktitle={ECCV},
	pages={353--369},
	year={2022},
	organization={Springer}
}
@inproceedings{ff,
	title={Safe local motion planning with self-supervised freespace forecasting},
	author={Hu, Peiyun and Huang, Aaron and Dolan, John and Held, David and Ramanan, Deva},
	booktitle={CVPR},
	pages={12732--12741},
	year={2021}
}
@inproceedings{stp3,
	title={St-p3: End-to-end vision-based autonomous driving via spatial-temporal feature learning},
	author={Hu, Shengchao and Chen, Li and Wu, Penghao and Li, Hongyang and Yan, Junchi and Tao, Dacheng},
	booktitle={ECCV},
	pages={533--549},
	year={2022},
	organization={Springer}
}
@inproceedings{stretchbev,
	title={Stretchbev: Stretching future instance prediction spatially and temporally},
	author={Akan, Adil Kaan and G{\"u}ney, Fatma},
	booktitle={ECCV},
	pages={444--460},
	year={2022},
	organization={Springer}
}
@inproceedings{fiery,
	title={Fiery: Future instance prediction in bird's-eye view from surround monocular cameras},
	author={Hu, Anthony and Murez, Zak and Mohan, Nikhil and Dudas, Sof{\'\i}a and Hawke, Jeffrey and Badrinarayanan, Vijay and Cipolla, Roberto and Kendall, Alex},
	booktitle={ICCV},
	pages={15273--15282},
	year={2021}
}
@inproceedings{pnpnet,
	title={Pnpnet: End-to-end perception and prediction with tracking in the loop},
	author={Liang, Ming and Yang, Bin and Zeng, Wenyuan and Chen, Yun and Hu, Rui and Casas, Sergio and Urtasun, Raquel},
	booktitle={CVPR},
	pages={11553--11562},
	year={2020}
}
@inproceedings{mutr3d,
	title={Mutr3d: A multi-camera tracking framework via 3d-to-2d queries},
	author={Zhang, Tianyuan and Chen, Xuanyao and Wang, Yue and Wang, Yilun and Zhao, Hang},
	booktitle={CVPR},
	pages={4537--4546},
	year={2022}
}
@article{qd3dt,
	title={Monocular quasi-dense 3d object tracking},
	author={Hu, Hou-Ning and Yang, Yung-Hsu and Fischer, Tobias and Darrell, Trevor and Yu, Fisher and Sun, Min},
	journal={PAMI},
	volume={45},
	number={2},
	pages={1992--2008},
	year={2022},
	publisher={IEEE}
}
@inproceedings{vip3d,
	title={ViP3D: End-to-end visual trajectory prediction via 3d agent queries},
	author={Gu, Junru and Hu, Chenxu and Zhang, Tianyuan and Chen, Xuanyao and Wang, Yilun and Wang, Yue and Zhao, Hang},
	booktitle={CVPR},
	pages={5496--5506},
	year={2023}
}
@inproceedings{occnet,
	title={Scene as occupancy},
	author={Tong, Wenwen and Sima, Chonghao and Wang, Tai and Chen, Li and Wu, Silei and Deng, Hanming and Gu, Yi and Lu, Lewei and Luo, Ping and Lin, Dahua and others},
	booktitle={ICCV},
	pages={8406--8415},
	year={2023}
}
@article{vpn,
	title={Cross-view semantic segmentation for sensing surroundings},
	author={Pan, Bowen and Sun, Jiankai and Leung, Ho Yin Tiga and Andonian, Alex and Zhou, Bolei},
	journal={RA-L},
	volume={5},
	number={3},
	pages={4867--4873},
	year={2020},
	publisher={IEEE}
}
@article{uniscene,
	title={Multi-Camera Unified Pre-Training Via 3D Scene Reconstruction},
	author={Min, Chen and Xiao, Liang and Zhao, Dawei and Nie, Yiming and Dai, Bin},
	journal={RA-L},
	year={2024},
	publisher={IEEE}
}
@inproceedings{clip,
	title={Learning transferable visual models from natural language supervision},
	author={Radford, Alec and Kim, Jong Wook and Hallacy, Chris and Ramesh, Aditya and Goh, Gabriel and Agarwal, Sandhini and Sastry, Girish and Askell, Amanda and Mishkin, Pamela and Clark, Jack and others},
	booktitle={ICML},
	pages={8748--8763},
	year={2021}
}
@article{lecun,
	title={A path towards autonomous machine intelligence version 0.9. 2, 2022-06-27},
	author={LeCun, Yann},
	journal={Open Review},
	volume={62},
	year={2022}
}
@article{drivedreamer,
	title={DriveDreamer: Towards Real-world-driven World Models for Autonomous Driving},
	author={Wang, Xiaofeng and Zhu, Zheng and Huang, Guan and Chen, Xinze and Lu, Jiwen},
	journal={arXiv preprint arXiv:2309.09777},
	year={2023}
}
@article{gaia,
	title={GAIA-1: A Generative World Model for Autonomous Driving},
	author={Hu, Anthony and Russell, Lloyd and Yeo, Hudson and Murez, Zak and Fedoseev, George and Kendall, Alex and Shotton, Jamie and Corrado, Gianluca},
	journal={arXiv preprint arXiv:2309.17080},
	year={2023}
}
@article{swim,
	title={Structured World Models from Human Videos},
	author={Mendonca, Russell and Bahl, Shikhar and Pathak, Deepak},
	journal={arXiv preprint arXiv:2308.10901},
	year={2023}
}

@inproceedings{contextwm,
	title={Pre-training Contextualized World Models with In-the-wild Videos for Reinforcement Learning},
	author={Wu, Jialong and Ma, Haoyu and Deng, Chaoyi and Long, Mingsheng},
	booktitle={NIPS},
	year={2023}
}

@article{kerbl20233d,
	title={3d gaussian splatting for real-time radiance field rendering},
	author={Kerbl, Bernhard and Kopanas, Georgios and Leimk{\"u}hler, Thomas and Drettakis, George},
	journal={TOG},
	volume={42},
	number={4},
	pages={1--14},
	year={2023},
	publisher={ACM New York, NY, USA}
}
@article{vae,
	title={Auto-encoding variational bayes},
	author={Kingma, Diederik P and Welling, Max},
	journal={arXiv preprint arXiv:1312.6114},
	year={2013}
}
@inproceedings{streampetr,
	title={Exploring Object-Centric Temporal Modeling for Efficient Multi-View 3D Object Detection},
	author={Wang, Shihao and Liu, Yingfei and Wang, Tiancai and Li, Ying and Zhang, Xiangyu},
	booktitle={ICCV},
	year={2023}
}
@inproceedings{latent,
	title={Learning latent dynamics for planning from pixels},
	author={Hafner, Danijar and Lillicrap, Timothy and Fischer, Ian and Villegas, Ruben and Ha, David and Lee, Honglak and Davidson, James},
	booktitle={ICML},
	pages={2555--2565},
	year={2019}
}
@article{dreamerv3,
	title={Mastering diverse domains through world models},
	author={Hafner, Danijar and Pasukonis, Jurgis and Ba, Jimmy and Lillicrap, Timothy},
	journal={arXiv preprint arXiv:2301.04104},
	year={2023}
}
@inproceedings{dreamerv2,
	title={Mastering Atari with Discrete World Models},
	author={Hafner, Danijar and Lillicrap, Timothy P and Norouzi, Mohammad and Ba, Jimmy},
	booktitle={ICLR},
	year={2020}
}
@inproceedings{dreamerv1,
	title={Dream to Control: Learning Behaviors by Latent Imagination},
	author={Hafner, Danijar and Lillicrap, Timothy and Ba, Jimmy and Norouzi, Mohammad},
	booktitle={ICLR},
	year={2019}
}
@misc{hu,
	title={Neural World Models for Computer Vision}, 
	author={Anthony Hu},
	year={2023},
	eprint={2306.09179},
	archivePrefix={arXiv},
	primaryClass={cs.CV}
}
@inproceedings{hendrycks2019using,
	title={Using pre-training can improve model robustness and uncertainty},
	author={Hendrycks, Dan and Lee, Kimin and Mazeika, Mantas},
	booktitle={ICML},
	pages={2712--2721},
	year={2019}
}
@inproceedings{rebuffi2017learning,
	title={Learning multiple visual domains with residual adapters},
	author={Rebuffi, Sylvestre-Alvise and Bilen, Hakan and Vedaldi, Andrea},
	booktitle={NIPS},
	volume={30},
	year={2017}
}
@inproceedings{krizhevsky2012imagenet,
	title={Imagenet classification with deep convolutional neural networks},
	author={Krizhevsky, Alex and Sutskever, Ilya and Hinton, Geoffrey E},
	booktitle={NIPS},
	volume={25},
	year={2012}
}
@inproceedings{mile,
	title={Model-based imitation learning for urban driving},
	author={Hu, Anthony and Corrado, Gianluca and Griffiths, Nicolas and Murez, Zachary and Gurau, Corina and Yeo, Hudson and Kendall, Alex and Cipolla, Roberto and Shotton, Jamie},
	booktitle={NIPS},
	volume={35},
	pages={20703--20716},
	year={2022}
}
@inproceedings{franceschi2020stochastic,
	title={Stochastic latent residual video prediction},
	author={Franceschi, Jean-Yves and Delasalles, Edouard and Chen, Micka{\"e}l and Lamprier, Sylvain and Gallinari, Patrick},
	booktitle={ICML},
	pages={3233--3246},
	year={2020}
}
@inproceedings{denton2018stochastic,
	title={Stochastic video generation with a learned prior},
	author={Denton, Emily and Fergus, Rob},
	booktitle={ICML},
	pages={1174--1183},
	year={2018}
}

@inproceedings{babaeizadeh2018stochastic,
	title={Stochastic Variational Video Prediction},
	author={Babaeizadeh, Mohammad and Finn, Chelsea and Erhan, Dumitru and Campbell, Roy H and Levine, Sergey},
	booktitle={ICLR},
	year={2018}
}
@book{achinstein1983nature,
	title={The nature of explanation},
	author={Achinstein, Peter},
	year={1983},
	publisher={Oxford University Press, USA}
}
@inproceedings{plas_wm,
	title={Plas: Latent action space for offline reinforcement learning},
	author={Zhou, Wenxuan and Bajracharya, Sujay and Held, David},
	booktitle={CoRL},
	pages={1719--1735},
	year={2021}
}
@article{mastering_wm2,
	title={Mastering atari, go, chess and shogi by planning with a learned model},
	author={Schrittwieser, Julian and Antonoglou, Ioannis and Hubert, Thomas and Simonyan, Karen and Sifre, Laurent and Schmitt, Simon and Guez, Arthur and Lockhart, Edward and Hassabis, Demis and Graepel, Thore and others},
	journal={Nature},
	volume={588},
	number={7839},
	pages={604--609},
	year={2020},
	publisher={Nature Publishing Group UK London}
}
@inproceedings{recurrent_wm,
	title={Recurrent world models facilitate policy evolution},
	author={Ha, David and Schmidhuber, J{\"u}rgen},
	booktitle={NIPS},
	volume={31},
	year={2018}
}
@article{world_models,
	title={World models},
	author={Ha, David and Schmidhuber, J{\"u}rgen},
	journal={arXiv preprint arXiv:1803.10122},
	year={2018}
}
@article{beverse,
	title={Beverse: Unified perception and prediction in birds-eye-view for vision-centric autonomous driving},
	author={Zhang, Yunpeng and Zhu, Zheng and Zheng, Wenzhao and Huang, Junjie and Huang, Guan and Zhou, Jie and Lu, Jiwen},
	journal={arXiv preprint arXiv:2205.09743},
	year={2022}
}
@article{occupancy,
	title={Using occupancy grids for mobile robot perception and navigation},
	author={Elfes, Alberto},
	journal={Computer},
	volume={22},
	number={6},
	pages={46--57},
	year={1989},
	publisher={IEEE}
}
@inproceedings{li2022unifying,
	title={Unifying voxel-based representation with transformer for 3d object detection},
	author={Li, Yanwei and Chen, Yilun and Qi, Xiaojuan and Li, Zeming and Sun, Jian and Jia, Jiaya},
	booktitle={NIPS},
	volume={35},
	pages={18442--18455},
	year={2022}
}
@inproceedings{chen2023futr3d,
	title={Futr3d: A unified sensor fusion framework for 3d detection},
	author={Chen, Xuanyao and Zhang, Tianyuan and Wang, Yue and Wang, Yilun and Zhao, Hang},
	booktitle={CVPR},
	pages={172--181},
	year={2023}
}
@inproceedings{zhou2023matrixvt,
	title={Matrixvt: Efficient multi-camera to bev transformation for 3d perception},
	author={Zhou, Hongyu and Ge, Zheng and Li, Zeming and Zhang, Xiangyu},
	booktitle={ICCV},
	pages={8548--8557},
	year={2023}
}
@inproceedings{doll2022spatialdetr,
	title={SpatialDETR: Robust Scalable Transformer-Based 3D Object Detection From Multi-view Camera Images With Global Cross-Sensor Attention},
	author={Doll, Simon and Schulz, Richard and Schneider, Lukas and Benzin, Viviane and Enzweiler, Markus and Lensch, Hendrik PA},
	booktitle={ECCV},
	pages={230--245},
	year={2022},
	organization={Springer}
}
@inproceedings{chen2022graph,
	title={Graph-DETR3D: rethinking overlapping regions for multi-view 3D object detection},
	author={Chen, Zehui and Li, Zhenyu and Zhang, Shiquan and Fang, Liangji and Jiang, Qinhong and Zhao, Feng},
	booktitle={ACMMM},
	pages={5999--6008},
	year={2022}
}
@article{xie2023robobev,
	title={RoboBEV: Towards Robust Bird's Eye View Perception under Corruptions},
	author={Xie, Shaoyuan and Kong, Lingdong and Zhang, Wenwei and Ren, Jiawei and Pan, Liang and Chen, Kai and Liu, Ziwei},
	journal={arXiv preprint arXiv:2304.06719},
	year={2023}
}
@inproceedings{hu2022st,
	title={St-p3: End-to-end vision-based autonomous driving via spatial-temporal feature learning},
	author={Hu, Shengchao and Chen, Li and Wu, Penghao and Li, Hongyang and Yan, Junchi and Tao, Dacheng},
	booktitle={ECCV},
	pages={533--549},
	year={2022},
	organization={Springer}
}
@article{jiang2022polarformer,
	title={Polarformer: Multi-camera 3d object detection with polar transformers},
	author={Jiang, Yanqin and Zhang, Li and Miao, Zhenwei and Zhu, Xiatian and Gao, Jin and Hu, Weiming and Jiang, Yu-Gang},
	journal={arXiv preprint arXiv:2206.15398},
	year={2022}
}

@article{gan2023simple,
	title={A Simple Attempt for 3D Occupancy Estimation in Autonomous Driving},
	author={Gan, Wanshui and Mo, Ningkai and Xu, Hongbin and Yokoya, Naoto},
	journal={arXiv preprint arXiv:2303.10076},
	year={2023}
}
@article{miao2023occdepth,
	title={Occdepth: A depth-aware method for 3d semantic scene completion},
	author={Miao, Ruihang and Liu, Weizhou and Chen, Mingrui and Gong, Zheng and Xu, Weixin and Hu, Chen and Zhou, Shuchang},
	journal={arXiv preprint arXiv:2302.13540},
	year={2023}
}
@inproceedings{zhang2023occformer,
	title={OccFormer: Dual-path Transformer for Vision-based 3D Semantic Occupancy Prediction},
	author={Zhang, Yunpeng and Zhu, Zheng and Du, Dalong},
	booktitle={ICCV},
	year={2023}
}
@inproceedings{wei2023surroundocc,
	title={SurroundOcc: Multi-Camera 3D Occupancy Prediction for Autonomous Driving},
	author={Wei, Yi and Zhao, Linqing and Zheng, Wenzhao and Zhu, Zheng and Zhou, Jie and Lu, Jiwen},
	booktitle={ICCV},
	year={2023}
}
@inproceedings{li2023voxformer,
	title={Voxformer: Sparse voxel transformer for camera-based 3d semantic scene completion},
	author={Li, Yiming and Yu, Zhiding and Choy, Christopher and Xiao, Chaowei and Alvarez, Jose M and Fidler, Sanja and Feng, Chen and Anandkumar, Anima},
	booktitle={CVPR},
	pages={9087--9098},
	year={2023}
}
@inproceedings{liang2022bevfusion,
	title={Bevfusion: A simple and robust lidar-camera fusion framework},
	author={Liang, Tingting and Xie, Hongwei and Yu, Kaicheng and Xia, Zhongyu and Lin, Zhiwei and Wang, Yongtao and Tang, Tao and Wang, Bing and Tang, Zhi},
	booktitle={NIPS},
	volume={35},
	pages={10421--10434},
	year={2022}
}
@inproceedings{liao2022maptr,
	title={MapTR: Structured Modeling and Learning for Online Vectorized HD Map Construction},
	author={Liao, Bencheng and Chen, Shaoyu and Wang, Xinggang and Cheng, Tianheng and Zhang, Qian and Liu, Wenyu and Huang, Chang},
	booktitle={ICLR},
	year={2022}
}
@inproceedings{li2022hdmapnet,
	title={Hdmapnet: An online hd map construction and evaluation framework},
	author={Li, Qi and Wang, Yue and Wang, Yilun and Zhao, Hang},
	booktitle={ICRA},
	pages={4628--4634},
	year={2022},
	organization={IEEE}
}
@article{fastbev,
	title={Fast-BEV: A Fast and Strong Bird's-Eye View Perception Baseline},
	author={Li, Yangguang and Huang, Bin and Chen, Zeren and Cui, Yufeng and Liang, Feng and Shen, Mingzhu and Liu, Fenggang and Xie, Enze and Sheng, Lu and Ouyang, Wanli and others},
	journal={arXiv preprint arXiv:2301.12511},
	year={2023}
}
@inproceedings{bevformerv2,
	title={BEVFormer v2: Adapting Modern Image Backbones to Bird's-Eye-View Recognition via Perspective Supervision},
	author={Yang, Chenyu and Chen, Yuntao and Tian, Hao and Tao, Chenxin and Zhu, Xizhou and Zhang, Zhaoxiang and Huang, Gao and Li, Hongyang and Qiao, Yu and Lu, Lewei and others},
	booktitle={CVPR},
	pages={17830--17839},
	year={2023}
}
@article{m2bev,
	title={M\^{} 2bev: Multi-camera joint 3d detection and segmentation with unified birds-eye view representation},
	author={Xie, Enze and Yu, Zhiding and Zhou, Daquan and Philion, Jonah and Anandkumar, Anima and Fidler, Sanja and Luo, Ping and Alvarez, Jose M},
	journal={arXiv preprint arXiv:2204.05088},
	year={2022}
}
@article{geomim,
	title={Towards Better 3D Knowledge Transfer via Masked Image Modeling for Multi-view 3D Understanding},
	author={Liu, Jihao and Wang, Tai and Liu, Boxiao and Zhang, Qihang and Liu, Yu and Li, Hongsheng},
	journal={arXiv preprint arXiv:2303.11325},
	year={2023}
}
@inproceedings{swin,
	title={Swin transformer: Hierarchical vision transformer using shifted windows},
	author={Liu, Ze and Lin, Yutong and Cao, Yue and Hu, Han and Wei, Yixuan and Zhang, Zheng and Lin, Stephen and Guo, Baining},
	booktitle={ICCV},
	pages={10012--10022},
	year={2021}
}
@misc{occ,
	title = {
	CVPR 2023 Occupancy Prediction Challenge
	},
	url = {https://github.com/CVPR2023-3D-Occupancy-Prediction/CVPR2023-3D-Occupancy-Prediction},
	year = {2023} 
}
@article{occ_survey,
	title={Grid-Centric Traffic Scenario Perception for Autonomous Driving: A Comprehensive Review},
	author={Shi, Yining and Jiang, Kun and Li, Jiusi and Wen, Junze and Qian, Zelin and Yang, Mengmeng and Wang, Ke and Yang, Diange},
	journal={arXiv preprint arXiv:2303.01212},
	year={2023}
}
@inproceedings{solofusion,
	title={Time Will Tell: New Outlooks and A Baseline for Temporal Multi-View 3D Object Detection},
	author={Park, Jinhyung and Xu, Chenfeng and Yang, Shijia and Keutzer, Kurt and Kitani, Kris M and Tomizuka, Masayoshi and Zhan, Wei},
	booktitle={ICLR},
	year={2022}
}
@article{survey1,
	title={Vision-centric bev perception: A survey},
	author={Ma, Yuexin and Wang, Tai and Bai, Xuyang and Yang, Huitong and Hou, Yuenan and Wang, Yaming and Qiao, Yu and Yang, Ruigang and Manocha, Dinesh and Zhu, Xinge},
	journal={arXiv preprint arXiv:2208.02797},
	year={2022}
}
@article{survey2,
	title={Delving into the Devils of Bird's-eye-view Perception: A Review, Evaluation and Recipe},
	author={Li, Hongyang and Sima, Chonghao and Dai, Jifeng and Wang, Wenhai and Lu, Lewei and Wang, Huijie and Xie, Enze and Li, Zhiqi and Deng, Hanming and Tian, Hao and others},
	journal={PAMI},
	year={2023}
}
@article{videobev,
	title={Exploring Recurrent Long-term Temporal Fusion for Multi-view 3D Perception},
	author={Han, Chunrui and Sun, Jianjian and Ge, Zheng and Yang, Jinrong and Dong, Runpei and Zhou, Hongyu and Mao, Weixin and Peng, Yuang and Zhang, Xiangyu},
	journal={arXiv preprint arXiv:2303.05970},
	year={2023}
}
@inproceedings{bevstereo,
	title={Bevstereo: Enhancing depth estimation in multi-view 3d object detection with temporal stereo},
	author={Li, Yinhao and Bao, Han and Ge, Zheng and Yang, Jinrong and Sun, Jianjian and Li, Zeming},
	booktitle={AAAI},
	volume={37},
	number={2},
	pages={1486--1494},
	year={2023}
}
@article{tigbev,
	title={TiG-BEV: Multi-view BEV 3D Object Detection via Target Inner-Geometry Learning},
	author={Huang, Peixiang and Liu, Li and Zhang, Renrui and Zhang, Song and Xu, Xinli and Wang, Baichao and Liu, Guoyi},
	journal={arXiv preprint arXiv:2212.13979},
	year={2022}
}
@inproceedings{bevdistill,
	title={BEVDistill: Cross-Modal BEV Distillation for Multi-View 3D Object Detection},
	author={Chen, Zehui and Li, Zhenyu and Zhang, Shiquan and Fang, Liangji and Jiang, Qinhong and Zhao, Feng},
	booktitle={ICLR},
	year={2022}
}
@article{occ3d,
	title={Occ3D: A Large-Scale 3D Occupancy Prediction Benchmark for Autonomous Driving},
	author={Tian, Xiaoyu and Jiang, Tao and Yun, Longfei and Wang, Yue and Wang, Yilun and Zhao, Hang},
	journal={arXiv preprint arXiv:2304.14365},
	year={2023}
}
@inproceedings{openoccupancy,
	title={OpenOccupancy: A Large Scale Benchmark for Surrounding Semantic Occupancy Perception},
	author={Wang, Xiaofeng and Zhu, Zheng and Xu, Wenbo and Zhang, Yunpeng and Wei, Yi and Chi, Xu and Ye, Yun and Du, Dalong and Lu, Jiwen and Wang, Xingang},
	booktitle={ICCV},
	year={2023}
}
@inproceedings{tpvformer,
	title={Tri-perspective view for vision-based 3d semantic occupancy prediction},
	author={Huang, Yuanhui and Zheng, Wenzhao and Zhang, Yunpeng and Zhou, Jie and Lu, Jiwen},
	booktitle={CVPR},
	pages={9223--9232},
	year={2023}
}
@inproceedings{imagenet,
	title={Imagenet: A large-scale hierarchical image database},
	author={Deng, Jia and Dong, Wei and Socher, Richard and Li, Li-Jia and Li, Kai and Fei-Fei, Li},
	booktitle={CVPR},
	pages={248--255},
	year={2009},
	organization={Ieee}
}
@inproceedings{uniad,
	title={Planning-oriented Autonomous Driving}, 
	author={Yihan Hu and Jiazhi Yang and Li Chen and Keyu Li and Chonghao Sima and Xizhou Zhu and Siqi Chai and Senyao Du and Tianwei Lin and Wenhai Wang and Lewei Lu and Xiaosong Jia and Qiang Liu and Jifeng Dai and Yu Qiao and Hongyang Li},
	booktitle={CVPR},
	year={2023},
}
@inproceedings{beit,
	title={BEiT: BERT Pre-Training of Image Transformers},
	author={Bao, Hangbo and Dong, Li and Piao, Songhao and Wei, Furu},
	booktitle={ICLR},
	year={2021}
}
@inproceedings{simmim,
	title={Simmim: A simple framework for masked image modeling},
	author={Xie, Zhenda and Zhang, Zheng and Cao, Yue and Lin, Yutong and Bao, Jianmin and Yao, Zhuliang and Dai, Qi and Hu, Han},
	booktitle={CVPR},
	pages={9653--9663},
	year={2022}
}
@inproceedings{block-nerf,
	title={Block-nerf: Scalable large scene neural view synthesis},
	author={Tancik, Matthew and Casser, Vincent and Yan, Xinchen and Pradhan, Sabeek and Mildenhall, Ben and Srinivasan, Pratul P and Barron, Jonathan T and Kretzschmar, Henrik},
	booktitle={CVPR},
	pages={8248--8258},
	year={2022}
}
@inproceedings{dnerf,
	title={D-nerf: Neural radiance fields for dynamic scenes},
	author={Pumarola, Albert and Corona, Enric and Pons-Moll, Gerard and Moreno-Noguer, Francesc},
	booktitle={CVPR},
	pages={10318--10327},
	year={2021}
}
@article{occupancy_mae,
	title={Occupancy-MAE: Self-Supervised Pre-Training Large-Scale LiDAR Point Clouds With Masked Occupancy Autoencoders},
	author={Min, Chen and Xiao, Liang and Zhao, Dawei and Nie, Yiming and Dai, Bin},
	journal={TIV},
	year={2023},
	publisher={IEEE}
}
@inproceedings{mvsnet,
	title={Mvsnet: Depth inference for unstructured multi-view stereo},
	author={Yao, Yao and Luo, Zixin and Li, Shiwei and Fang, Tian and Quan, Long},
	booktitle={ECCV},
	pages={767--783},
	year={2018}
}
@article{mvs,
	title={Deep Learning for Multi-View Stereo via Plane Sweep: A Survey},
	author={Zhu, Qingtian and Min, Chen and Wei, Zizhuang and Chen, Yisong and Wang, Guoping},
	journal={arXiv preprint arXiv:2106.15328},
	year={2021}
}
@article{bi,
	title={Bidirectional hybrid LSTM based recurrent neural network for multi-view stereo},
	author={Wei, Zizhuang and Zhu, Qingtian and Min, Chen and Chen, Yisong and Wang, Guoping},
	journal={TVCG},
	year={2022},
	publisher={IEEE}
}
@article{sts,
	title={Sts: Surround-view temporal stereo for multi-view 3d detection},
	author={Wang, Zengran and Min, Chen and Ge, Zheng and Li, Yinhao and Li, Zeming and Yang, Hongyu and Huang, Di},
	journal={arXiv preprint arXiv:2208.10145},
	year={2022}
}
@inproceedings{aa-rmvsnet,
	title={Aa-rmvsnet: Adaptive aggregation recurrent multi-view stereo network},
	author={Wei, Zizhuang and Zhu, Qingtian and Min, Chen and Chen, Yisong and Wang, Guoping},
	booktitle={ICCV},
	pages={6187--6196},
	year={2021}
}
@article{nerf,
	title={Nerf: Representing scenes as neural radiance fields for view synthesis},
	author={Mildenhall, Ben and Srinivasan, Pratul P and Tancik, Matthew and Barron, Jonathan T and Ramamoorthi, Ravi and Ng, Ren},
	journal={Communications of the ACM},
	volume={65},
	number={1},
	pages={99--106},
	year={2021},
	publisher={ACM New York, NY, USA}
}
@inproceedings{nerf2,
	title={Mip-nerf: A multiscale representation for anti-aliasing neural radiance fields},
	author={Barron, Jonathan T and Mildenhall, Ben and Tancik, Matthew and Hedman, Peter and Martin-Brualla, Ricardo and Srinivasan, Pratul P},
	booktitle={ICCV},
	pages={5855--5864},
	year={2021}
}
@inproceedings{dd3d,
	title={Is pseudo-lidar needed for monocular 3d object detection?},
	author={Park, Dennis and Ambrus, Rares and Guizilini, Vitor and Li, Jie and Gaidon, Adrien},
	booktitle={ICCV},
	pages={3142--3152},
	year={2021}
}
@inproceedings{dfm,
	title={Monocular 3d object detection with depth from motion},
	author={Wang, Tai and Pang, Jiangmiao and Lin, Dahua},
	booktitle={ECCV},
	pages={386--403},
	year={2022},
	organization={Springer}
}
@inproceedings{resnet,
	title={Deep residual learning for image recognition},
	author={He, Kaiming and Zhang, Xiangyu and Ren, Shaoqing and Sun, Jian},
	booktitle={CVPR},
	pages={770--778},
	year={2016}
}
@inproceedings{nuscenes,
	title={nuscenes: A multimodal dataset for autonomous driving},
	author={Caesar, Holger and Bankiti, Varun and Lang, Alex H and Vora, Sourabh and Liong, Venice Erin and Xu, Qiang and Krishnan, Anush and Pan, Yu and Baldan, Giancarlo and Beijbom, Oscar},
	booktitle={CVPR},
	pages={11621--11631},
	year={2020}
}
@inproceedings{bevformer,
	title={Bevformer: Learning bird’s-eye-view representation from multi-camera images via spatiotemporal transformers},
	author={Li, Zhiqi and Wang, Wenhai and Li, Hongyang and Xie, Enze and Sima, Chonghao and Lu, Tong and Qiao, Yu and Dai, Jifeng},
	booktitle={ECCV},
	pages={1--18},
	year={2022},
	organization={Springer}
}
@inproceedings{lss,
	title={Lift, splat, shoot: Encoding images from arbitrary camera rigs by implicitly unprojecting to 3d},
	author={Philion, Jonah and Fidler, Sanja},
	booktitle={ECCV},
	pages={194--210},
	year={2020},
	organization={Springer}
}
@inproceedings{centerpoint,
	title={Center-based 3d object detection and tracking},
	author={Yin, Tianwei, and Zhou, Xingyi, and Krahenbuhl, Philipp},
	booktitle={CVPR},
	pages={11784--11793},
	year={2021}
}
@inproceedings{petr,
	title={Petr: Position embedding transformation for multi-view 3d object detection},
	author={Liu, Yingfei and Wang, Tiancai and Zhang, Xiangyu and Sun, Jian},
	booktitle={ECCV},
	pages={531--548},
	year={2022},
	organization={Springer}
}
@inproceedings{detr3d,
	title={Detr3d: 3d object detection from multi-view images via 3d-to-2d queries},
	author={Wang, Yue and Guizilini, Vitor Campagnolo and Zhang, Tianyuan and Wang, Yilun and Zhao, Hang and Solomon, Justin},
	booktitle={CoRL},
	pages={180--191},
	year={2022}
}
@article{bevdet4d,
	title={Bevdet4d: Exploit temporal cues in multi-camera 3d object detection},
	author={Huang, Junjie and Huang, Guan},
	journal={arXiv preprint arXiv:2203.17054},
	year={2022}
}
@article{bevdet,
	title={Bevdet: High-performance multi-camera 3d object detection in bird-eye-view},
	author={Huang, Junjie and Huang, Guan and Zhu, Zheng and Du, Dalong},
	journal={arXiv preprint arXiv:2112.11790},
	year={2021}
}
@inproceedings{bevdepth,
	title={Bevdepth: Acquisition of reliable depth for multi-view 3d object detection},
	author={Li, Yinhao and Ge, Zheng and Yu, Guanyi and Yang, Jinrong and Wang, Zengran and Shi, Yukang and Sun, Jianjian and Li, Zeming},
	booktitle={AAAI},
	volume={37},
	number={2},
	pages={1477--1485},
	year={2023}
}
@inproceedings{monorec,
	title={MonoRec: Semi-supervised dense reconstruction in dynamic environments from a single moving camera},
	author={Wimbauer, Felix and Yang, Nan and Von Stumberg, Lukas and Zeller, Niclas and Cremers, Daniel},
	booktitle={CVPR},
	pages={6112--6122},
	year={2021}
}
@inproceedings{depthformer,
	title={Multi-Frame Self-Supervised Depth with Transformers},
	author={Guizilini, Vitor and Ambruș, Rareș and Chen, Dian and Zakharov, Sergey and Gaidon, Adrien},
	booktitle={CVPR},
	pages={160--170},
	year={2022}
}
@inproceedings{magnet,
	title={Multi-View Depth Estimation by Fusing Single-View Depth Probability with Multi-View Geometry},
	author={Bae, Gwangbin and Budvytis, Ignas and Cipolla, Roberto},
	booktitle={CVPR},
	pages={2842--2851},
	year={2022}
}
@inproceedings{manydepth,
	title={The temporal opportunist: Self-supervised multi-frame monocular depth},
	author={Watson, Jamie and Mac Aodha, Oisin and Prisacariu, Victor and Brostow, Gabriel and Firman, Michael},
	booktitle={CVPR},
	pages={1164--1174},
	year={2021}
}
@inproceedings{uni-mvsnet,
	title={Rethinking Depth Estimation for Multi-View Stereo: A Unified Representation},
	author={Peng, Rui and Wang, Rongjie and Wang, Zhenyu and Lai, Yawen and Wang, Ronggang},
	booktitle={CVPR},
	pages={8645--8654},
	year={2022}
}
@inproceedings{patchmatchnet,
	title={Patchmatchnet: Learned multi-view patchmatch stereo},
	author={Wang, Fangjinhua and Galliani, Silvano and Vogel, Christoph and Speciale, Pablo and Pollefeys, Marc},
	booktitle={CVPR},
	pages={14194--14203},
	year={2021}
}
@inproceedings{casmvsnet,
	title={Cascade cost volume for high-resolution multi-view stereo and stereo matching},
	author={Gu, Xiaodong and Fan, Zhiwen and Zhu, Siyu and Dai, Zuozhuo and Tan, Feitong and Tan, Ping},
	booktitle={CVPR},
	pages={2495--2504},
	year={2020}
}
@inproceedings{rmvsnet,
	title={Recurrent mvsnet for high-resolution multi-view stereo depth inference},
	author={Yao, Yao and Luo, Zixin and Li, Shiwei and Shen, Tianwei and Fang, Tian and Quan, Long},
	booktitle={CVPR},
	pages={5525--5534},
	year={2019}
}
@inproceedings{acvnet,
	title={Attention Concatenation Volume for Accurate and Efficient Stereo Matching},
	author={Xu, Gangwei and Cheng, Junda and Guo, Peng and Yang, Xin},
	booktitle={CVPR},
	pages={12981--12990},
	year={2022}
}
@inproceedings{ganet,
	title={Ga-net: Guided aggregation net for end-to-end stereo matching},
	author={Zhang, Feihu and Prisacariu, Victor and Yang, Ruigang and Torr, Philip HS},
	booktitle={CVPR},
	pages={185--194},
	year={2019}
}
@inproceedings{aanet,
	title={Aanet: Adaptive aggregation network for efficient stereo matching},
	author={Xu, Haofei and Zhang, Juyong},
	booktitle={CVPR},
	pages={1959--1968},
	year={2020}
}
@inproceedings{gwcnet,
	title={Group-wise correlation stereo network},
	author={Guo, Xiaoyang and Yang, Kai and Yang, Wukui and Wang, Xiaogang and Li, Hongsheng},
	booktitle={CVPR},
	pages={3273--3282},
	year={2019}
}
@inproceedings{psmnet,
	title={Pyramid stereo matching network},
	author={Chang, Jia-Ren and Chen, Yong-Sheng},
	booktitle={CVPR},
	pages={5410--5418},
	year={2018}
}
@inproceedings{gcnet,
	title={End-to-end learning of geometry and context for deep stereo regression},
	author={Kendall, Alex and Martirosyan, Hayk and Dasgupta, Saumitro and Henry, Peter and Kennedy, Ryan and Bachrach, Abraham and Bry, Adam},
	booktitle={ICCV},
	pages={66--75},
	year={2017}
}

@ARTICLE{deeplab,
	author={Chen, Liang-Chieh and Papandreou, George and Kokkinos, Iasonas and Murphy, Kevin and Yuille, Alan L.},
	journal={PAMI}, 
	title={DeepLab: Semantic Image Segmentation with Deep Convolutional Nets, Atrous Convolution, and Fully Connected CRFs}, 
	year={2018},
	volume={40},
	number={4},
	pages={834-848},
	doi={10.1109/TPAMI.2017.2699184}}

@article{cbgs,
	title={Class-balanced grouping and sampling for point cloud 3d object detection},
	author={Zhu, Benjin and Jiang, Zhengkai and Zhou, Xiangxin and Li, Zeming and Yu, Gang},
	journal={arXiv preprint arXiv:1908.09492},
	year={2019}
}

@inproceedings{dorn,
	TITLE = {{Deep Ordinal Regression Network for Monocular Depth Estimation}},
	AUTHOR = {Fu, Huan and Gong, Mingming and Wang, Chaohui and Batmanghelich, Kayhan and Tao, Dacheng},
	BOOKTITLE = {CVPR},
	YEAR = {2018}
}

@article{Liu2014DiscreteContinuousDE,
	title={Discrete-Continuous Depth Estimation from a Single Image},
	author={Miaomiao Liu and Mathieu Salzmann and Xuming He},
	journal={CVPR},
	year={2014},
	pages={716-723}
}


@InProceedings{monoground,
	author    = {Qin, Zequn and Li, Xi},
	title     = {MonoGround: Detecting Monocular 3D Objects From the Ground},
	booktitle = {CVPR},
	month     = {June},
	year      = {2022},
	pages     = {3793-3802}
}

@inproceedings{dfm2,
	title={Depth from camera motion and object detection},
	author={Griffin, Brent A and Corso, Jason J},
	booktitle={CVPR},
	pages={1397--1406},
	year={2021}
}

@inproceedings{dijk2019neural,
	title={How do neural networks see depth in single images?},
	author={Dijk, Tom van and Croon, Guido de},
	booktitle={ICCV},
	pages={2183--2191},
	year={2019}
}

@inproceedings{xu2020learning,
	title={Learning inverse depth regression for multi-view stereo with correlation cost volume},
	author={Xu, Qingshan and Tao, Wenbing},
	booktitle={AAAI},
	volume={34},
	number={07},
	pages={12508--12515},
	year={2020}
}

@inproceedings{fcos3d,
	title={Fcos3d: Fully convolutional one-stage monocular 3d object detection},
	author={Wang, Tai and Zhu, Xinge and Pang, Jiangmiao and Lin, Dahua},
	booktitle={ICCV},
	pages={913--922},
	year={2021}
}

@article{m3ae,
	title={Multimodal Masked Autoencoders Learn Transferable Representations},
	author={Geng, Xinyang and Liu, Hao and Lee, Lisa and Schuurams, Dale and Levine, Sergey and Abbeel, Pieter},
	journal={arXiv preprint arXiv:2205.14204},
	year={2022}
}
@inproceedings{simmim,
	title={Simmim: A simple framework for masked image modeling},
	author={Xie, Zhenda and Zhang, Zheng and Cao, Yue and Lin, Yutong and Bao, Jianmin and Yao, Zhuliang and Dai, Qi and Hu, Han},
	booktitle={CVPR},
	pages={9653--9663},
	year={2022}
}

@article{cae,
	title={Context autoencoder for self-supervised representation learning},
	author={Chen, Xiaokang and Ding, Mingyu and Wang, Xiaodi and Xin, Ying and Mo, Shentong and Wang, Yunhao and Han, Shumin and Luo, Ping and Zeng, Gang and Wang, Jingdong},
	journal={IJCV},
	pages={1--16},
	year={2023},
	publisher={Springer}
}
@inproceedings{bert,
	title={Bert: Pre-training of deep bidirectional transformers for language understanding},
	author={Kenton, Jacob Devlin Ming-Wei Chang and Toutanova, Lee Kristina},
	booktitle={ACL},
	volume={1},
	pages={2},
	year={2019}
}
@article{gpt,
	title={Improving language understanding by generative pre-training},
	author={Radford, Alec and Narasimhan, Karthik and Salimans, Tim and Sutskever, Ilya and others},
	year={2018},
	publisher={OpenAI}
}
@inproceedings{moco,
	title={Momentum contrast for unsupervised visual representation learning},
	author={He, Kaiming and Fan, Haoqi and Wu, Yuxin and Xie, Saining and Girshick, Ross},
	booktitle={CVPR},
	pages={9729--9738},
	year={2020}
}
@inproceedings{spvnas,
	title={Searching efficient 3d architectures with sparse point-voxel convolution},
	author={Tang, Haotian and Liu, Zhijian and Zhao, Shengyu and Lin, Yujun and Lin, Ji and Wang, Hanrui and Han, Song},
	booktitle={ECCV},
	pages={685--702},
	year={2020},
	organization={Springer}
}
@inproceedings{rangenet,
	title={Rangenet++: Fast and accurate lidar semantic segmentation},
	author={Milioto, Andres and Vizzo, Ignacio and Behley, Jens and Stachniss, Cyrill},
	booktitle={IROS},
	pages={4213--4220},
	year={2019},
	organization={IEEE}
}
@inproceedings{squeezeseg,
	title={Squeezeseg: Convolutional neural nets with recurrent crf for real-time road-object segmentation from 3d lidar point cloud},
	author={Wu, Bichen and Wan, Alvin and Yue, Xiangyu and Keutzer, Kurt},
	booktitle={ICRA},
	pages={1887--1893},
	year={2018},
	organization={IEEE}
}
@inproceedings{depthconstrast,
	title={Self-supervised pretraining of 3d features on any point-cloud},
	author={Zhang, Zaiwei and Girdhar, Rohit and Joulin, Armand and Misra, Ishan},
	booktitle={ICCV},
	pages={10252--10263},
	year={2021}
}
@inproceedings{swav,
	title={Unsupervised learning of visual features by contrasting cluster assignments},
	author={Caron, Mathilde and Misra, Ishan and Mairal, Julien and Goyal, Priya and Bojanowski, Piotr and Joulin, Armand},
	booktitle={NIPS},
	volume={33},
	pages={9912--9924},
	year={2020}
}\textbf{}
@inproceedings{deepcluster,
	title={Deep clustering for unsupervised learning of visual features},
	author={Caron, Mathilde and Bojanowski, Piotr and Joulin, Armand and Douze, Matthijs},
	booktitle={ECCV},
	pages={132--149},
	year={2018}
}
@inproceedings{byol,
	title={Bootstrap your own latent-a new approach to self-supervised learning},
	author={Grill, Jean-Bastien and Strub, Florian and Altch{\'e}, Florent and Tallec, Corentin and Richemond, Pierre and Buchatskaya, Elena and Doersch, Carl and Avila Pires, Bernardo and Guo, Zhaohan and Gheshlaghi Azar, Mohammad and others},
	booktitle={NIPS},
	volume={33},
	pages={21271--21284},
	year={2020}
}
@inproceedings{pointconstrast,
	title={Pointcontrast: Unsupervised pre-training for 3d point cloud understanding},
	author={Xie, Saining and Gu, Jiatao and Guo, Demi and Qi, Charles R and Guibas, Leonidas and Litany, Or},
	booktitle={ECCV},
	pages={574--591},
	year={2020},
	organization={Springer}
}
@inproceedings{cylinder3d,
	title={Cylindrical and asymmetrical 3d convolution networks for lidar segmentation},
	author={Zhu, Xinge and Zhou, Hui and Wang, Tai and Hong, Fangzhou and Ma, Yuexin and Li, Wei and Li, Hongsheng and Lin, Dahua},
	booktitle={CVPR},
	pages={9939--9948},
	year={2021}
}
@article{once,
	title={One million scenes for autonomous driving: Once dataset},
	author={Mao, Jiageng and Niu, Minzhe and Jiang, Chenhan and Liang, Hanxue and Chen, Jingheng and Liang, Xiaodan and Li, Yamin and Ye, Chaoqiang and Zhang, Wei and Li, Zhenguo and others},
	journal={arXiv preprint arXiv:2106.11037},
	year={2021}
}
@inproceedings{maskpoint,
	title={Masked discrimination for self-supervised learning on point clouds},
	author={Liu, Haotian and Cai, Mu and Lee, Yong Jae},
	booktitle={ECCV},
	pages={657--675},
	year={2022},
	organization={Springer}
}
@inproceedings{point_mae,
	title={Masked autoencoders for point cloud self-supervised learning},
	author={Pang, Yatian and Wang, Wenxiao and Tay, Francis EH and Liu, Wei and Tian, Yonghong and Yuan, Li},
	booktitle={ECCV},
	pages={604--621},
	year={2022},
	organization={Springer}
}
@inproceedings{point_betr,
	title={Point-bert: Pre-training 3d point cloud transformers with masked point modeling},
	author={Yu, Xumin and Tang, Lulu and Rao, Yongming and Huang, Tiejun and Zhou, Jie and Lu, Jiwen},
	booktitle={CVPR},
	pages={19313--19322},
	year={2022}
}
@inproceedings{graham20183d,
	title={3d semantic segmentation with submanifold sparse convolutional networks},
	author={Graham, Benjamin and Engelcke, Martin and Van Der Maaten, Laurens},
	booktitle={CVPR},
	pages={9224--9232},
	year={2018}
}
@article{lomar,
	title={Efficient Self-supervised Vision Pretraining with Local Masked Reconstruction},
	author={Chen, Jun and Hu, Ming and Li, Boyang and Elhoseiny, Mohamed},
	journal={arXiv preprint arXiv:2206.00790},
	year={2022}
}
@article{convmae,
	title={ConvMAE: Masked Convolution Meets Masked Autoencoders},
	author={Gao, Peng and Ma, Teli and Li, Hongsheng and Dai, Jifeng and Qiao, Yu},
	journal={arXiv preprint arXiv:2205.03892},
	year={2022}
}
@article{pv_rcnn++,
	title={PV-RCNN++: Point-voxel feature set abstraction with local vector representation for 3D object detection},
	author={Shi, Shaoshuai and Jiang, Li and Deng, Jiajun and Wang, Zhe and Guo, Chaoxu and Shi, Jianping and Wang, Xiaogang and Li, Hongsheng},
	journal={arXiv preprint arXiv:2102.00463},
	year={2021}
}
@inproceedings{centerpoint,
	title={Center-based 3d object detection and tracking},
	author={Yin, Tianwei and Zhou, Xingyi and Krahenbuhl, Philipp},
	booktitle={CVPR},
	pages={11784--11793},
	year={2021}
}
@inproceedings{transformer,
	title={Attention is all you need},
	author={Vaswani, Ashish and Shazeer, Noam and Parmar, Niki and Uszkoreit, Jakob and Jones, Llion and Gomez, Aidan N and Kaiser, {\L}ukasz and Polosukhin, Illia},
	booktitle={NIPS},
	volume={30},
	year={2017}
}
@article{radford2018improving,
	title={Improving language understanding by generative pre-training},
	author={Radford, Alec and Narasimhan, Karthik and Salimans, Tim and Sutskever, Ilya and others},
	year={2018},
	publisher={OpenAI}
}
@inproceedings{sa_ssd,
	title={Structure aware single-stage 3d object detection from point cloud},
	author={He, Chenhang and Zeng, Hui and Huang, Jianqiang and Hua, Xian-Sheng and Zhang, Lei},
	booktitle={CVPR},
	pages={11873--11882},
	year={2020}
}
@inproceedings{std,
	title={Std: Sparse-to-dense 3d object detector for point cloud},
	author={Yang, Zetong and Sun, Yanan and Liu, Shu and Shen, Xiaoyong and Jia, Jiaya},
	booktitle={ICCV},
	pages={1951--1960},
	year={2019}
}
@misc{openpcdet,
	title={OpenPCDet: An Open-source Toolbox for 3D Object Detection from Point Clouds},
	author={OpenPCDet Development Team},
	howpublished = {\url{https://github.com/open-mmlab/OpenPCDet}},
	year={2020}
}
@inproceedings{xu2,
	title={Self-supervised domain adaptation with consistency training},
	author={Xiao, Liang and Xu, Jiaolong and Zhao, Dawei and Wang, Zhiyu and Wang, Li and Nie, Yiming and Dai, Bin},
	booktitle={ICPR},
	pages={6874--6880},
	year={2021},
	organization={IEEE}
}
@article{xu1,
	title={Self-supervised domain adaptation for computer vision tasks},
	author={Xu, Jiaolong and Xiao, Liang and L{\'o}pez, Antonio M},
	journal={IEEE Access},
	volume={7},
	pages={156694--156706},
	year={2019},
	publisher={IEEE}
}
@inproceedings{jigsaw,
	title={Domain generalization by solving jigsaw puzzles},
	author={Carlucci, Fabio M and D'Innocente, Antonio and Bucci, Silvia and Caputo, Barbara and Tommasi, Tatiana},
	booktitle={CVPR},
	pages={2229--2238},
	year={2019}
}
@article{rotation,
	title={Unsupervised representation learning by predicting image rotations},
	author={Gidaris, Spyros and Singh, Praveer and Komodakis, Nikos},
	journal={arXiv preprint arXiv:1803.07728},
	year={2018}
}
@inproceedings{patch_id,
	title={Unsupervised visual representation learning by context prediction},
	author={Doersch, Carl and Gupta, Abhinav and Efros, Alexei A},
	booktitle={ICCV},
	pages={1422--1430},
	year={2015}
}

@inproceedings{videomae_he,
	title={Masked autoencoders as spatiotemporal learners},
	author={Feichtenhofer, Christoph and Li, Yanghao and He, Kaiming and others},
	booktitle={NIPS},
	volume={35},
	pages={35946--35958},
	year={2022}
}
@article{st3d++,
	title={St3d++: Denoised self-training for unsupervised domain adaptation on 3d object detection},
	author={Yang, Jihan and Shi, Shaoshuai and Wang, Zhe and Li, Hongsheng and Qi, Xiaojuan},
	journal={arXiv preprint arXiv:2108.06682},
	year={2021}
}
@inproceedings{mlc_net,
	title={Unsupervised domain adaptive 3d detection with multi-level consistency},
	author={Luo, Zhipeng and Cai, Zhongang and Zhou, Changqing and Zhang, Gongjie and Zhao, Haiyu and Yi, Shuai and Lu, Shijian and Li, Hongsheng and Zhang, Shanghang and Liu, Ziwei},
	booktitle={ICCV},
	pages={8866--8875},
	year={2021}
}
@inproceedings{srdan,
	title={SRDAN: Scale-aware and range-aware domain adaptation network for cross-dataset 3D object detection},
	author={Zhang, Weichen and Li, Wen and Xu, Dong},
	booktitle={CVPR},
	pages={6769--6779},
	year={2021}
}
@inproceedings{sf_uda,
	title={Sf-uda 3d: Source-free unsupervised domain adaptation for lidar-based 3d object detection},
	author={Saltori, Cristiano and Lathuili{\'e}re, St{\'e}phane and Sebe, Nicu and Ricci, Elisa and Galasso, Fabio},
	booktitle={3DV},
	pages={771--780},
	year={2020},
	organization={IEEE}
}
@inproceedings{sn,
	title={Train in germany, test in the usa: Making 3d object detectors generalize},
	author={Wang, Yan and Chen, Xiangyu and You, Yurong and Li, Li Erran and Hariharan, Bharath and Campbell, Mark and Weinberger, Kilian Q and Chao, Wei-Lun},
	booktitle={CVPR},
	pages={11713--11723},
	year={2020}
}
@inproceedings{fast_point_rcnn,
	title={Fast point r-cnn},
	author={Chen, Yilun and Liu, Shu and Shen, Xiaoyong and Jia, Jiaya},
	booktitle={ICCV},
	pages={9775--9784},
	year={2019}
}
@article{survey,
	title={3D object detection for autonomous driving: a survey},
	author={Qian, Rui and Lai, Xin and Li, Xirong},
	journal={PR},
	pages={108796},
	year={2022},
	publisher={Elsevier}
}
@inproceedings{hvnet,
	title={Hvnet: Hybrid voxel network for lidar based 3d object detection},
	author={Ye, Maosheng and Xu, Shuangjie and Cao, Tongyi},
	booktitle={CVPR},
	pages={1631--1640},
	year={2020}
}
@article{voxel_fpn,
	title={Voxel-FPN: Multi-scale voxel feature aggregation for 3D object detection from LIDAR point clouds},
	author={Kuang, Hongwu and Wang, Bei and An, Jianping and Zhang, Ming and Zhang, Zehan},
	journal={Sensors},
	volume={20},
	number={3},
	pages={704},
	year={2020},
	publisher={MDPI}
}
@inproceedings{voxelnet,
	title={Voxelnet: End-to-end learning for point cloud based 3d object detection},
	author={Zhou, Yin and Tuzel, Oncel},
	booktitle={CVPR},
	pages={4490--4499},
	year={2018}
}
@inproceedings{pointnet++,
	title={Pointnet++: Deep hierarchical feature learning on point sets in a metric space},
	author={Qi, Charles Ruizhongtai and Yi, Li and Su, Hao and Guibas, Leonidas J},
	booktitle={NIPS},
	volume={30},
	year={2017}
}
@inproceedings{pointnet,
	title={Pointnet: Deep learning on point sets for 3d classification and segmentation},
	author={Qi, Charles R and Su, Hao and Mo, Kaichun and Guibas, Leonidas J},
	booktitle={CVPR},
	pages={652--660},
	year={2017}
}
@inproceedings{3dssd,
	title={3dssd: Point-based 3d single stage object detector},
	author={Yang, Zetong and Sun, Yanan and Liu, Shu and Jia, Jiaya},
	booktitle={CVPR},
	pages={11040--11048},
	year={2020}
}
@inproceedings{point_gnn,
	title={Point-gnn: Graph neural network for 3d object detection in a point cloud},
	author={Shi, Weijing and Rajkumar, Raj},
	booktitle={CVPR},
	pages={1711--1719},
	year={2020}
}
@inproceedings{pointrcnn,
	title={Pointrcnn: 3d object proposal generation and detection from point cloud},
	author={Shi, Shaoshuai and Wang, Xiaogang and Li, Hongsheng},
	booktitle={CVPR},
	pages={770--779},
	year={2019}
}
@inproceedings{videomae,
	title={Videomae: Masked autoencoders are data-efficient learners for self-supervised video pre-training},
	author={Tong, Zhan and Song, Yibing and Wang, Jue and Wang, Limin},
	booktitle={NIPS},
	volume={35},
	pages={10078--10093},
	year={2022}
}
@inproceedings{mae,
	title={Masked autoencoders are scalable vision learners},
	author={He, Kaiming and Chen, Xinlei and Xie, Saining and Li, Yanghao and Doll{\'a}r, Piotr and Girshick, Ross},
	booktitle={CVPR},
	pages={16000--16009},
	year={2022}
}
@article{second,
	title={Second: Sparsely embedded convolutional detection},
	author={Yan, Yan and Mao, Yuxing and Li, Bo},
	journal={Sensors},
	volume={18},
	number={10},
	pages={3337},
	year={2018},
	publisher={MDPI}
}
@inproceedings{pointpillars,
	title={Pointpillars: Fast encoders for object detection from point clouds},
	author={Lang, Alex H and Vora, Sourabh and Caesar, Holger and Zhou, Lubing and Yang, Jiong and Beijbom, Oscar},
	booktitle={CVPR},
	pages={12697--12705},
	year={2019}
}
@inproceedings{pv_rcnn,
	title={Pv-rcnn: Point-voxel feature set abstraction for 3d object detection},
	author={Shi, Shaoshuai and Guo, Chaoxu and Jiang, Li and Wang, Zhe and Shi, Jianping and Wang, Xiaogang and Li, Hongsheng},
	booktitle={CVPR},
	pages={10529--10538},
	year={2020}
}
@inproceedings{st3d,
	title={St3d: Self-training for unsupervised domain adaptation on 3d object detection},
	author={Yang, Jihan and Shi, Shaoshuai and Wang, Zhe and Li, Hongsheng and Qi, Xiaojuan},
	booktitle={CVPR},
	pages={10368--10378},
	year={2021}
}
@inproceedings{kitti,
	title={Are we ready for autonomous driving? the kitti vision benchmark suite},
	author={Geiger, Andreas and Lenz, Philip and Urtasun, Raquel},
	booktitle={CVPR},
	pages={3354--3361},
	year={2012},
	organization={IEEE}
}
@inproceedings{waymo,
	title={Scalability in perception for autonomous driving: Waymo open dataset},
	author={Sun, Pei and Kretzschmar, Henrik and Dotiwalla, Xerxes and Chouard, Aurelien and Patnaik, Vijaysai and Tsui, Paul and Guo, James and Zhou, Yin and Chai, Yuning and Caine, Benjamin and others},
	booktitle={CVPR},
	pages={2446--2454},
	year={2020}
}
