%% This BibTeX bibliography file was created using BibDesk.
%% https://bibdesk.sourceforge.io/

%% Created for Maurits Bleeker at 2024-02-01 16:03:08 +0100 


%% Saved with string encoding Unicode (UTF-8) 



@article{zhao2017multi,
	author = {Jing Zhao and Xijiong Xie and Xin Xu and Shiliang Sun},
	journal = {Inf. Fusion},
	pages = {43--54},
	title = {Multi-view learning overview: Recent progress and new challenges},
	volume = {38},
	year = {2017}}

@inproceedings{federici2020learning,
	author = {Marco Federici and Anjan Dutta and Patrick Forr{\'{e}} and Nate Kushman and Zeynep Akata},
	booktitle = {ICLR},
	title = {Learning Robust Representations via Multi-View Information Bottleneck},
	year = {2020}}

@article{young2014image,
	author = {Peter Young and Alice Lai and Micah Hodosh and Julia Hockenmaier},
	journal = {Transactions of the Association for Computational Linguistics},
	pages = {67--78},
	title = {From image descriptions to visual denotations: New similarity metrics for semantic inference over event descriptions},
	volume = {2},
	year = {2014}}

@inproceedings{lin2014microsoft,
	author = {Lin, Tsung-Yi and Maire, Michael and Belongie, Serge and Hays, James and Perona, Pietro and Ramanan, Deva and Doll{\'a}r, Piotr and Zitnick, C Lawrence},
	booktitle = {ECCV},
	pages = {740--755},
	title = {Microsoft {COCO}: Common objects in context},
	year = {2014}}

@article{bleeker2023reducing,
	author = {Maurits Bleeker and Andrew Yates and Maarten de Rijke},
	journal = {Transactions on Machine Learning Research},
	title = {Reducing Predictive Feature Suppression in Resource-Constrained Contrastive Image-Caption Retrieval},
	year = {2023}}

@inproceedings{tian2020what,
	author = {Yonglong Tian and Chen Sun and Ben Poole and Dilip Krishnan and Cordelia Schmid and Phillip Isola},
	booktitle = {NeurIPS},
	pages = {6827--6839},
	title = {What Makes for Good Views for Contrastive Learning?},
	year = {2020}}

@inproceedings{wang2022rethinking,
	author = {Haoqing Wang and Xun Guo and Zhi{-}Hong Deng and Yan Lu},
	booktitle = {CVPR},
	pages = {16020--16029},
	title = {Rethinking Minimal Sufficient Representation in Contrastive Learning},
	year = {2022}}

@inproceedings{radford2021learning,
	author = {Alec Radford and Jong Wook Kim and Chris Hallacy and Aditya Ramesh and Gabriel Goh and Sandhini Agarwal and Girish Sastry and Amanda Askell and Pamela Mishkin and Jack Clark and Gretchen Krueger and Ilya Sutskever},
	booktitle = {ICML},
	pages = {8748--8763},
	title = {Learning Transferable Visual Models From Natural Language Supervision},
	year = {2021}}

@inproceedings{jia2021scaling,
	author = {Chao Jia and Yinfei Yang and Ye Xia and Yi{-}Ting Chen and Zarana Parekh and Hieu Pham and Quoc V. Le and Yun{-}Hsuan Sung and Zhen Li and Tom Duerig},
	booktitle = {ICML},
	pages = {4904--4916},
	title = {Scaling Up Visual and Vision-Language Representation Learning With Noisy Text Supervision},
	year = {2021}}

@inproceedings{faghri2018improving,
	author = {Fartash Faghri and David J. Fleet and Jamie Ryan Kiros and Sanja Fidler},
	booktitle = {BVCM},
	pages = {12},
	title = {{VSE++:} {I}mproving Visual-Semantic Embeddings with Hard Negatives},
	year = {2018}}

@article{oord2018representation,
	author = {van den Oord, Aaron and Li, Yazhe and Vinyals, Oriol},
	journal = {arXiv preprint arXiv:1807.03748},
	title = {Representation learning with contrastive predictive coding},
	year = {2018}}

@article{shwartz2023compress,
	author = {Shwartz-Ziv, Ravid and LeCun, Yann},
	journal = {arXiv preprint arXiv:2304.09355},
	title = {To Compress or Not to Compress--Self-Supervised Learning and Information Theory: A Review},
	year = {2023}}

@inproceedings{chen2020simple,
	author = {Ting Chen and Simon Kornblith and Mohammad Norouzi and Geoffrey E. Hinton},
	booktitle = {ICML},
	pages = {1597--1607},
	title = {A Simple Framework for Contrastive Learning of Visual Representations},
	year = {2020}}

@article{zong2023self,
	author = {Zong, Yongshuo and Mac Aodha, Oisin and Hospedales, Timothy},
	journal = {arXiv preprint arXiv:2304.01008},
	title = {Self-Supervised Multimodal Learning: A Survey},
	year = {2023}}

@inproceedings{hjelm2019learning,
	author = {R. Devon Hjelm and Alex Fedorov and Samuel Lavoie{-}Marchildon and Karan Grewal and Philip Bachman and Adam Trischler and Yoshua Bengio},
	booktitle = {ICLR},
	title = {Learning deep representations by mutual information estimation and maximization},
	year = {2019}}

@inproceedings{lee2021compressive,
	author = {Kuang{-}Huei Lee and Anurag Arnab and Sergio Guadarrama and John F. Canny and Ian Fischer},
	booktitle = {NeurIPS},
	pages = {19538--19552},
	title = {Compressive Visual Representations},
	year = {2021}}

@inproceedings{tian2020contrastive,
	author = {Yonglong Tian and Dilip Krishnan and Phillip Isola},
	booktitle = {ECCV},
	date-modified = {2023-08-03 11:41:58 +0200},
	pages = {776--794},
	title = {Contrastive Multiview Coding},
	year = {2020}}

@inproceedings{xiao2021what,
	author = {Tete Xiao and Xiaolong Wang and Alexei A. Efros and Trevor Darrell},
	booktitle = {ICLR},
	title = {What Should Not Be Contrastive in Contrastive Learning},
	year = {2021}}

@inproceedings{tschannen2020on,
	author = {Michael Tschannen and Josip Djolonga and Paul K. Rubenstein and Sylvain Gelly and Mario Lucic},
	booktitle = {ICLR},
	title = {On Mutual Information Maximization for Representation Learning},
	year = {2020}}

@inproceedings{li2023addressing,
	author = {Tianhong Li and Lijie Fan and Yuan Yuan and Hao He and Yonglong Tian and Rog{\'{e}}rio Feris and Piotr Indyk and Dina Katabi},
	booktitle = {WACV},
	pages = {1411--1420},
	title = {Addressing Feature Suppression in Unsupervised Visual Representations},
	year = {2023}}

@inproceedings{bachman2019learning,
	author = {Philip Bachman and R. Devon Hjelm and William Buchwalter},
	booktitle = {NeurIPS},
	date-modified = {2023-08-03 11:35:21 +0200},
	pages = {15509--15519},
	title = {Learning Representations by Maximizing Mutual Information Across Views},
	year = {2019}}

@article{yuan2021florence,
	author = {Yuan, Lu and Chen, Dongdong and Chen, Yi-Ling and Codella, Noel and Dai, Xiyang and Gao, Jianfeng and Hu, Houdong and Huang, Xuedong and Li, Boxin and Li, Chunyuan and others},
	journal = {arXiv preprint arXiv:2111.11432},
	title = {Florence: A new foundation model for computer vision},
	year = {2021}}

@inproceedings{li2023blip,
	author = {Junnan Li and Dongxu Li and Silvio Savarese and Steven C. H. Hoi},
	booktitle = {ICML},
	date-modified = {2024-02-01 16:03:04 +0100},
	pages = {19730--19742},
	title = {{BLIP-2:} Bootstrapping Language-Image Pre-training with Frozen Image Encoders and Large Language Models},
	year = {2023}}

@inproceedings{li2022blip,
	author = {Junnan Li and Dongxu Li and Caiming Xiong and Steven C. H. Hoi},
	booktitle = {ICML},
	pages = {12888--12900},
	title = {{BLIP}: Bootstrapping Language-Image Pre-training for Unified Vision-Language Understanding and Generation},
	year = {2022}}

@inproceedings{yuksekgonul2023when,
	author = {Mert Yuksekgonul and Federico Bianchi and Pratyusha Kalluri and Dan Jurafsky and James Zou},
	booktitle = {ICLR},
	title = {When and Why Vision-Language Models Behave like Bags-Of-Words, and What to Do About It?},
	year = {2023}}

@article{alayrac2022flamingo,
	author = {Alayrac, Jean-Baptiste and Donahue, Jeff and Luc, Pauline and Miech, Antoine and Barr, Iain and Hasson, Yana and Lenc, Karel and Mensch, Arthur and Millican, Katherine and Reynolds, Malcolm and others},
	date-modified = {2023-08-03 11:35:17 +0200},
	journal = {NeurIPS},
	pages = {23716--23736},
	title = {Flamingo: a visual language model for few-shot learning},
	year = {2022}}

@inproceedings{wang2022simvlm,
	author = {Zirui Wang and Jiahui Yu and Adams Wei Yu and Zihang Dai and Yulia Tsvetkov and Yuan Cao},
	booktitle = {ICLR},
	title = {Sim{VLM}: Simple Visual Language Model Pretraining with Weak Supervision},
	year = {2022}}

@inproceedings{lu2019vilbert,
	author = {Jiasen Lu and Dhruv Batra and Devi Parikh and Stefan Lee},
	booktitle = {NeurIPS},
	pages = {13--23},
	title = {Vi{LBERT}: Pretraining Task-Agnostic Visiolinguistic Representations for Vision-and-Language Tasks},
	year = {2019}}

@inproceedings{chen2020uniter,
	author = {Chen, Yen-Chun and Li, Linjie and Yu, Licheng and El Kholy, Ahmed and Ahmed, Faisal and Gan, Zhe and Cheng, Yu and Liu, Jingjing},
	booktitle = {ECCV},
	date-modified = {2024-01-10 17:11:27 +0100},
	pages = {104--120},
	title = {{UNITER}: Universal image-text representation learning},
	year = {2020}}

@inproceedings{wang2022image,
	author = {Wenhui Wang and Hangbo Bao and Li Dong and Johan Bjorck and Zhiliang Peng and Qiang Liu and Kriti Aggarwal and Owais Khan Mohammed and Saksham Singhal and Subhojit Som and Furu Wei},
	booktitle = {CVPR},
	pages = {19175--19186},
	title = {Image as a Foreign Language: {BEIT} Pretraining for Vision and Vision-Language Tasks},
	year = {2023}}

@article{chen2023vast,
	author = {Chen, Sihan and Li, Handong and Wang, Qunbo and Zhao, Zijia and Sun, Mingzhen and Zhu, Xinxin and Liu, Jing},
	journal = {arXiv preprint arXiv:2305.18500},
	title = {{VAST}: A Vision-Audio-Subtitle-Text Omni-Modality Foundation Model and Dataset},
	year = {2023}}

@article{li2021align,
	author = {Li, Junnan and Selvaraju, Ramprasaath and Gotmare, Akhilesh and Joty, Shafiq and Xiong, Caiming and Hoi, Steven Chu Hong},
	journal = {NeurIPS},
	pages = {9694--9705},
	title = {Align before fuse: Vision and language representation learning with momentum distillation},
	year = {2021}}

@inproceedings{li2019visual,
	author = {Li, Kunpeng and Zhang, Yulun and Li, Kai and Li, Yuanyuan and Fu, Yun},
	booktitle = {ICCV},
	date-modified = {2023-08-03 11:39:35 +0200},
	pages = {4654--4662},
	title = {Visual semantic reasoning for image-text matching},
	year = {2019}}

@inproceedings{li2020oscar,
	author = {Li, Xiujun and Yin, Xi and Li, Chunyuan and Zhang, Pengchuan and Hu, Xiaowei and Zhang, Lei and Wang, Lijuan and Hu, Houdong and Dong, Li and Wei, Furu and others},
	booktitle = {ECCV},
	pages = {121--137},
	title = {Oscar: Object-semantics aligned pre-training for vision-language tasks},
	year = {2020}}

@inproceedings{lee2018stacked,
	author = {Lee, Kuang-Huei and Chen, Xi and Hua, Gang and Hu, Houdong and He, Xiaodong},
	booktitle = {ECCV},
	pages = {201--216},
	title = {Stacked cross attention for image-text matching},
	year = {2018}}

@inproceedings{zeng2022multi,
	author = {Yan Zeng and Xinsong Zhang and Hang Li},
	booktitle = {ICML},
	date-modified = {2023-08-03 11:43:14 +0200},
	pages = {25994--26009},
	title = {Multi-Grained Vision Language Pre-Training: Aligning Texts with Visual Concepts},
	year = {2022}}

@inproceedings{tan2019lxmert,
	author = {Hao Tan and Mohit Bansal},
	booktitle = {EMNLP-IJCNLP},
	pages = {5099--5110},
	title = {{LXMERT:} Learning Cross-Modality Encoder Representations from Transformers},
	year = {2019}}

@inproceedings{chen2021intriguing,
	author = {Ting Chen and Calvin Luo and Lala Li},
	booktitle = {NeurIPS},
	date-modified = {2023-08-03 11:36:03 +0200},
	pages = {11834--11845},
	title = {Intriguing Properties of Contrastive Losses},
	year = {2021}}

@inproceedings{sridharan2008information,
	author = {Karthik Sridharan and Sham M. Kakade},
	booktitle = {COLT},
	date-modified = {2023-08-03 11:41:42 +0200},
	pages = {403--414},
	title = {An Information Theoretic Framework for Multi-view Learning},
	year = {2008}}

@inproceedings{tsai2021self,
	author = {Yao{-}Hung Hubert Tsai and Yue Wu and Ruslan Salakhutdinov and Louis{-}Philippe Morency},
	booktitle = {ICLR},
	title = {Self-supervised Learning from a Multi-view Perspective},
	year = {2021}}

@inproceedings{robinson2021can,
	author = {Joshua Robinson and Li Sun and Ke Yu and Kayhan Batmanghelich and Stefanie Jegelka and Suvrit Sra},
	booktitle = {NeurIPS},
	pages = {4974--4986},
	title = {Can contrastive learning avoid shortcut solutions?},
	year = {2021}}

@inproceedings{liang2023factorized,
	author = {Paul Pu Liang and Zihao Deng and Martin Q. Ma and James Zou and Louis-Philippe Morency and Russ Salakhutdinov},
	booktitle = {NeurIPS},
	title = {Factorized Contrastive Learning: Going Beyond Multi-view Redundancy},
	year = {2023}}

@article{frome2013devise,
	author = {Frome, Andrea and Corrado, Greg S and Shlens, Jon and Bengio, Samy and Dean, Jeff and Ranzato, Marc'Aurelio and Mikolov, Tomas},
	date-modified = {2023-08-03 11:38:21 +0200},
	journal = {NeurIPS},
	pages = {2121--2129},
	title = {De{V}i{SE}: A deep visual-semantic embedding model},
	year = {2013}}

@inproceedings{karpathy2015deep,
	author = {Andrej Karpathy and Fei{-}Fei Li},
	booktitle = {CVPR},
	pages = {3128--3137},
	title = {Deep visual-semantic alignments for generating image descriptions},
	year = {2015}}

@article{radford2019language,
	author = {Radford, Alec and Wu, Jeffrey and Child, Rewon and Luan, David and Amodei, Dario and Sutskever, Ilya and others},
	date-modified = {2024-01-10 17:33:43 +0100},
	journal = {Open{AI} blog},
	pages = {9},
	title = {Language models are unsupervised multitask learners},
	year = {2019}}

@inproceedings{he2016deep,
	author = {Kaiming He and Xiangyu Zhang and Shaoqing Ren and Jian Sun},
	booktitle = {CVPR},
	pages = {770--778},
	title = {Deep Residual Learning for Image Recognition},
	year = {2016}}

@inproceedings{dosovitskiy2021image,
	author = {Alexey Dosovitskiy and Lucas Beyer and Alexander Kolesnikov and Dirk Weissenborn and Xiaohua Zhai and Thomas Unterthiner and Mostafa Dehghani and Matthias Minderer and Georg Heigold and Sylvain Gelly and Jakob Uszkoreit and Neil Houlsby},
	booktitle = {ICLR},
	date-modified = {2023-08-03 11:36:35 +0200},
	title = {An Image is Worth 16x16 Words: Transformers for Image Recognition at Scale},
	year = {2021}}

@inproceedings{loshchilov2019decoupled,
	author = {Ilya Loshchilov and Frank Hutter},
	booktitle = {ICLR},
	title = {Decoupled Weight Decay Regularization},
	year = {2019}}

@inproceedings{tschannen2023image,
	author = {Michael Tschannen and Manoj Kumar and Andreas Peter Steiner and Xiaohua Zhai and Neil Houlsby and Lucas Beyer},
	booktitle = {NeurIPS},
	title = {Image Captioners Are Scalable Vision Learners Too},
	year = {2023}}

@article{chen2015microsoft,
	author = {Chen, Xinlei and Fang, Hao and Lin, Tsung-Yi and Vedantam, Ramakrishna and Gupta, Saurabh and Doll{\'a}r, Piotr and Zitnick, C. Lawrence},
	date-modified = {2024-01-10 17:11:49 +0100},
	journal = {arXiv preprint arXiv:1504.00325},
	title = {Microsoft {COCO} Captions: Data collection and evaluation server},
	year = {2015}}

@inproceedings{bardes2022vicreg,
	author = {Adrien Bardes and Jean Ponce and Yann LeCun},
	booktitle = {ICLR},
	title = {{VICReg}: Variance-Invariance-Covariance Regularization for Self-Supervised Learning},
	year = {2022}}

@inproceedings{yao2022flip,
	author = {Lewei Yao and Runhui Huang and Lu Hou and Guansong Lu and Minzhe Niu and Hang Xu and Xiaodan Liang and Zhenguo Li and Xin Jiang and Chunjing Xu},
	booktitle = {ICLR},
	title = {{FILIP:} {F}ine-grained Interactive Language-Image Pre-Training},
	year = {2022}}

@inproceedings{mu2022slip,
	author = {Norman Mu and Alexander Kirillov and David A. Wagner and Saining Xie},
	booktitle = {ECCV},
	pages = {529--544},
	title = {{SLIP:} {S}elf-supervision Meets Language-Image Pre-training},
	year = {2022}}

@inproceedings{li2022supervision,
	author = {Yangguang Li and Feng Liang and Lichen Zhao and Yufeng Cui and Wanli Ouyang and Jing Shao and Fengwei Yu and Junjie Yan},
	booktitle = {ICLR},
	title = {Supervision Exists Everywhere: {A} Data Efficient Contrastive Language-Image Pre-training Paradigm},
	year = {2022}}

@inproceedings{reimersers2019sentence,
	author = {Nils Reimers and Iryna Gurevych},
	booktitle = {EMNLP-IJCNLP},
	date-modified = {2023-04-06 16:55:15 +0200},
	pages = {3980--3990},
	title = {Sentence-{BERT}: Sentence Embeddings using Siamese {BERT}-{N}etworks},
	year = {2019}}

@inproceedings{song2020mpnet,
	author = {Kaitao Song and Xu Tan and Tao Qin and Jianfeng Lu and Tie{-}Yan Liu},
	booktitle = {NeurIPS},
	pages = {16857--16867},
	title = {{MPN}et: Masked and Permuted Pre-training for Language Understanding},
	year = {2020}}

@article{geirhos2020shortcut,
	author = {Geirhos, Robert and Jacobsen, J{\"o}rn-Henrik and Michaelis, Claudio and Zemel, Richard and Brendel, Wieland and Bethge, Matthias and Wichmann, Felix A},
	date-modified = {2024-02-01 16:02:22 +0100},
	journal = {Nature Machine Intelligence},
	pages = {665--673},
	title = {Shortcut learning in deep neural networks},
	year = {2020}}

@inproceedings{scimeca2022which,
	author = {Luca Scimeca and Seong Joon Oh and Sanghyuk Chun and Michael Poli and Sangdoo Yun},
	booktitle = {ICLR},
	title = {Which Shortcut Cues Will {DNN}s Choose? {A} Study from the Parameter-Space Perspective},
	year = {2022}}

@inproceedings{hermann2020what,
	author = {Katherine L. Hermann and Andrew K. Lampinen},
	booktitle = {NeurIPS},
	date-modified = {2024-01-10 17:14:03 +0100},
	pages = {9995--10006},
	title = {What shapes feature representations? {Exploring} datasets, architectures, and training},
	year = {2020}}

@article{adnan2022monitoring,
	author = {Adnan, Mohammed and Ioannou, Yani and Tsai, Chuan-Yung and Galloway, Angus and Tizhoosh, H.R. and Taylor, Graham W.},
	date-modified = {2023-12-26 19:53:44 +0100},
	journal = {arXiv preprint arXiv:2206.13034},
	title = {Monitoring shortcut learning using mutual information},
	year = {2022}}

@inproceedings{kingma2014_adam,
	author = {Diederik P. Kingma and Jimmy Ba},
	booktitle = {ICLR},
	title = {Adam: {A} Method for Stochastic Optimization},
	year = {2015}}

@inproceedings{cho2014_learning,
	author = {Kyunghyun Cho and Bart van Merrienboer and {\c{C}}aglar G{\"{u}}l{\c{c}}ehre and Dzmitry Bahdanau and Fethi Bougares and Holger Schwenk and Yoshua Bengio},
	booktitle = {ACL},
	pages = {1724--1734},
	title = {Learning Phrase Representations using {RNN} Encoder-Decoder for Statistical Machine Translation},
	year = {2014}}

@inproceedings{simonyan2015_very_deep,
	author = {Karen Simonyan and Andrew Zisserman},
	booktitle = {ICLR},
	date-modified = {2023-12-26 19:55:38 +0100},
	title = {Very Deep Convolutional Networks for Large-Scale Image Recognition},
	year = {2015},
	bdsk-url-1 = {http://arxiv.org/abs/1409.1556}}

@article{baltrusaitis2019_multimodal,
	author = {Tadas Baltrusaitis and Chaitanya Ahuja and Louis{-}Philippe Morency},
	date-modified = {2024-01-10 17:10:18 +0100},
	journal = {{IEEE} Trans. Pattern Anal. Mach. Intell.},
	pages = {423--443},
	title = {Multimodal Machine Learning: {A} Survey and Taxonomy},
	volume = {41},
	year = {2019},
	bdsk-url-1 = {https://doi.org/10.1109/TPAMI.2018.2798607}}

@article{guo2019_deep,
	author = {Wenzhong Guo and Jianwen Wang and Shiping Wang},
	date-modified = {2023-12-26 19:54:45 +0100},
	journal = {{IEEE} Access},
	pages = {63373--63394},
	title = {Deep Multimodal Representation Learning: {A} Survey},
	volume = {7},
	year = {2019},
	bdsk-url-1 = {https://doi.org/10.1109/ACCESS.2019.2916887}}

@article{bao2022vlmo,
	author = {Bao, Hangbo and Wang, Wenhui and Dong, Li and Liu, Qiang and Mohammed, Owais Khan and Aggarwal, Kriti and Som, Subhojit and Piao, Songhao and Wei, Furu},
	journal = {NeurIPS},
	pages = {32897--32912},
	title = {{VLM}o: Unified vision-language pre-training with mixture-of-modality-experts},
	year = {2022}}

@inproceedings{alberti2019fusion,
	author = {Alberti, Chris and Ling, Jeffrey and Collins, Michael and Reitter, David},
	booktitle = {EMNLP},
	date-modified = {2024-01-10 17:10:01 +0100},
	pages = {2131--2140},
	title = {Fusion of Detected Objects in Text for Visual Question Answering},
	year = {2019}}

@inproceedings{li2019unicoder,
	author = {Li, Gen and Duan, Nan and Fang, Yuejian and Jiang, Daxin and Zhou, Ming},
	booktitle = {AAAI},
	date-modified = {2024-01-10 17:15:23 +0100},
	title = {Unicoder-{VL}: A Universal Encoder for Vision and Language by Cross-modal Pre-training},
	year = {2020}}

@article{li2019visualbert,
	author = {Li, Liunian Harold and Yatskar, Mark and Yin, Da and Hsieh, Cho-Jui and Chang, Kai-Wei},
	date-modified = {2023-12-26 17:15:06 +0100},
	journal = {arXiv preprint arXiv:1908.03557},
	title = {{VisualBERT}: A simple and performant baseline for vision and language},
	year = {2019}}

@inproceedings{su2019vl,
	author = {Su, Weijie and Zhu, Xizhou and Cao, Yue and Li, Bin and Lu, Lewei and Wei, Furu and Dai, Jifeng},
	booktitle = {ICLR},
	date-modified = {2024-01-10 17:34:27 +0100},
	title = {{VL}-{BERT}: Pre-training of Generic Visual-Linguistic Representations},
	year = {2020}}

@article{kiros2014unifying,
	author = {Kiros, Ryan and Salakhutdinov, Ruslan and Zemel, Richard S},
	journal = {arXiv preprint arXiv:1411.2539},
	title = {Unifying visual-semantic embeddings with multimodal neural language models},
	year = {2014}}

@inproceedings{devlin2019_bert,
	author = {Jacob Devlin and Ming{-}Wei Chang and Kenton Lee and Kristina Toutanova},
	booktitle = {{NAACL-HLT}},
	title = {{BERT:} {P}re-training of Deep Bidirectional Transformers for Language Understanding},
	year = {2019}}

@inproceedings{kipf2017_semi,
	author = {Thomas N. Kipf and Max Welling},
	booktitle = {ICLR},
	title = {Semi-Supervised Classification with Graph Convolutional Networks},
	year = {2017}}

@inproceedings{wiles_2022_afinegrained,
	author = {Olivia Wiles and Sven Gowal and Florian Stimberg and Sylvestre{-}Alvise Rebuffi and Ira Ktena and Krishnamurthy Dvijotham and Ali Taylan Cemgil},
	booktitle = {ICLR},
	title = {A Fine-Grained Analysis on Distribution Shift},
	year = {2022}}

@inproceedings{biten2022_is,
	author = {Ali Furkan Biten and Andr{\'{e}}s Mafla and Llu{\'{\i}}s G{\'{o}}mez and Dimosthenis Karatzas},
	booktitle = {WACV},
	date-modified = {2024-02-01 16:01:18 +0100},
	pages = {2483--2492},
	publisher = {{IEEE}},
	title = {Is An Image Worth Five Sentences? {A} New Look into Semantics for Image-Text Matching},
	year = {2022},
	bdsk-url-1 = {https://doi.org/10.1109/WACV51458.2022.00254}}
