% Long form of conference & journal abbreviations -- especially for camera ready

@String(ICRA = {IEEE Int. Conf. Robot. Autom.})
@String(TDV = {Int. Conf. 3D Vis.})
@String(PAMI  = {IEEE Trans. Pattern Anal. Mach. Intell.})
@String(IJCV  = {Int. J. Comput. Vis.})
@String(CVPR  = {IEEE Conf. Comput. Vis. Pattern Recog.})
@String(ICCV  = {Int. Conf. Comput. Vis.})
@String(ECCV  = {Eur. Conf. Comput. Vis.})
@String(NeurIPS = {Adv. Neural Inform. Process. Syst.})
@String(ICML  = {Int. Conf. Mach. Learn.})
@String(ICLR  = {Int. Conf. Learn. Represent.})
@String(ACCV  = {Asian Conf. Comput. Vis.})
@String(BMVC  = {Brit. Mach. Vis. Conf.})
@String(CVPRW = {IEEE Conf. Comput. Vis. Pattern Recog. Worksh.})
@String(AAAI  = {AAAI})
@String(IJCAI = {IJCAI})
@String(ICIP  = {IEEE Int. Conf. Image Process.})
@String(ICPR  = {Int. Conf. Pattern Recog.})
@String(ICASSP=	{ICASSP})
@String(ICME  = {Int. Conf. Multimedia and Expo})
@String(JMLR  = {J. Mach. Learn. Res.})
@String(TMLR  = {Trans. Mach. Learn Res.})
@String(TOG   = {ACM Trans. Graph.})
@String(TIP   = {IEEE Trans. Image Process.})
@String(TVCG  = {IEEE Trans. Vis. Comput. Graph.})
@String(TCSVT = {IEEE Trans. Circuit Syst. Video Technol.})
@String(TMM   = {IEEE Trans. Multimedia})
@String(ACMMM = {ACM Int. Conf. Multimedia})
@String(PR    = {Pattern Recognition})

@String(MNI	  = {Nature Mach. Intell.})
@String(SPL	  = {IEEE Sign. Process. Letters})
@String(VR    = {Vis. Res.})
@String(JOV	  = {J. Vis.})
@String(TVC   = {The Vis. Comput.})
@String(JCST  = {J. Comput. Sci. Tech.})
@String(CGF   = {Comput. Graph. Forum})
@String(CVM   = {Computational Visual Media})


@inproceedings{long2015fully,
  title={Fully convolutional networks for semantic segmentation},
  author={Long, Jonathan and Shelhamer, Evan and Darrell, Trevor},
  booktitle=CVPR,
  pages={3431--3440},
  year={2015}
}

@inproceedings{zhao2017pyramid,
  title={Pyramid scene parsing network},
  author={Zhao, Hengshuang and Shi, Jianping and Qi, Xiaojuan and Wang, Xiaogang and Jia, Jiaya},
  booktitle=CVPR,
  pages={2881--2890},
  year={2017}
}

@inproceedings{chen2018encoder,
  title={Encoder-decoder with atrous separable convolution for semantic image segmentation},
  author={Chen, Liang-Chieh and Zhu, Yukun and Papandreou, George and Schroff, Florian and Adam, Hartwig},
  booktitle=ECCV,
  pages={801--818},
  year={2018}
}

@inproceedings{zhang2022segvit,
  title={Segvit: Semantic segmentation with plain vision transformers},
  author={Zhang, Bowen and Tian, Zhi and Tang, Quan and Chu, Xiangxiang and Wei, Xiaolin and Shen, Chunhua and others},
  booktitle=NeurIPS,
  volume={35},
  pages={4971--4982},
  year={2022}
}

@inproceedings{wang2023internimage,
  title={Internimage: Exploring large-scale vision foundation models with deformable convolutions},
  author={Wang, Wenhai and Dai, Jifeng and Chen, Zhe and Huang, Zhenhang and Li, Zhiqi and Zhu, Xizhou and Hu, Xiaowei and Lu, Tong and Lu, Lewei and Li, Hongsheng and others},
  booktitle=CVPR,
  pages=CVPR,
  year={2023}
}


@inproceedings{cheng2022masked,
  title={Masked-attention mask transformer for universal image segmentation},
  author={Cheng, Bowen and Misra, Ishan and Schwing, Alexander G and Kirillov, Alexander and Girdhar, Rohit},
  booktitle=CVPR,
  pages={1290--1299},
  year={2022}
}

@inproceedings{hamilton2022unsupervised,
  title={Unsupervised semantic segmentation by distilling feature correspondences},
  author={Hamilton, Mark and Zhang, Zhoutong and Hariharan, Bharath and Snavely, Noah and Freeman, William T},
  booktitle=ICLR,
  year={2022}
}





@article{kerbl20233d,
  title={3D Gaussian Splatting for Real-Time Radiance Field Rendering},
  author={Kerbl, Bernhard and Kopanas, Georgios and Leimk{\"u}hler, Thomas and Drettakis, George},
  journal=TOG,
  volume={42},
  number={4},
  year={2023}
}

@article{oquab2023dinov2,
  title={DINOv2: Learning Robust Visual Features without Supervision},
  author={Oquab, Maxime and Darcet, Timoth√©e and Moutakanni, Theo and Vo, Huy V. and Szafraniec, Marc and Khalidov, Vasil and Fernandez, Pierre and Haziza, Daniel and Massa, Francisco and El-Nouby, Alaaeldin and Howes, Russell and Huang, Po-Yao and Xu, Hu and Sharma, Vasu and Li, Shang-Wen and Galuba, Wojciech and Rabbat, Mike and Assran, Mido and Ballas, Nicolas and Synnaeve, Gabriel and Misra, Ishan and Jegou, Herve and Mairal, Julien and Labatut, Patrick and Joulin, Armand and Bojanowski, Piotr},
  journal=TMLR,
  year={2024}
}

@article{yang2024denoising,
  title={Denoising Vision Transformers},
  author={Yang, Jiawei and Luo, Katie Z and Li, Jiefeng and Weinberger, Kilian Q and Tian, Yonglong and Wang, Yue},
  journal={arXiv preprint arXiv:2401.02957},
  year={2024}
}

@inproceedings{depthanything,
      title={Depth Anything: Unleashing the Power of Large-Scale Unlabeled Data}, 
      author={Yang, Lihe and Kang, Bingyi and Huang, Zilong and Xu, Xiaogang and Feng, Jiashi and Zhao, Hengshuang},
      booktitle=CVPR,
      year={2024}
}

@inproceedings{diaz2022ithaca365,
  title={Ithaca365: Dataset and Driving Perception Under Repeated and Challenging Weather Conditions},
  author={Diaz-Ruiz, Carlos A and Xia, Youya and You, Yurong and Nino, Jose and Chen, Junan and Monica, Josephine and Chen, Xiangyu and Luo, Katie and Wang, Yan and Emond, Marc and others},
  booktitle=CVPR,
  pages={21383--21392},
  year={2022}
}


@inproceedings{barnes2018driven,
  title={Driven to distraction: Self-supervised distractor learning for robust monocular visual odometry in urban environments},
  author={Barnes, Dan and Maddern, Will and Pascoe, Geoffrey and Posner, Ingmar},
  booktitle=ICRA,
  pages={1894--1900},
  year={2018},
  organization={IEEE}
}

@inproceedings{you2021hindsight,
  title={Hindsight is 20/20: Leveraging Past Traversals to Aid 3D Perception},
  author={You, Yurong and Luo, Katie Z and Chen, Xiangyu and Chen, Junan and Chao, Wei-Lun and Sun, Wen and Hariharan, Bharath and Campbell, Mark and Weinberger, Kilian Q},
  booktitle=ICLR,
  year={2021}
}

@inproceedings{you2022unsupervised,
  title={Unsupervised Adaptation from Repeated Traversals for Autonomous Driving},
  author={You, Yurong and Phoo, Cheng Perng and Luo, Katie and Zhang, Travis and Chao, Wei-Lun and Hariharan, Bharath and Campbell, Mark and Weinberger, Kilian Q},
  booktitle=NeurIPS,
  volume={35},
  pages={27716--27729},
  year={2022}
}


@inproceedings{you2022learning,
  title={Learning to detect mobile objects from lidar scans without labels},
  author={You, Yurong and Luo, Katie and Phoo, Cheng Perng and Chao, Wei-Lun and Sun, Wen and Hariharan, Bharath and Campbell, Mark and Weinberger, Kilian Q},
  booktitle=CVPR,
  pages={1130--1140},
  year={2022}
}

@article{lowry2015visual,
  title={Visual place recognition: A survey},
  author={Lowry, Stephanie and S{\"u}nderhauf, Niko and Newman, Paul and Leonard, John J and Cox, David and Corke, Peter and Milford, Michael J},
  journal={ieee transactions on robotics},
  volume={32},
  number={1},
  pages={1--19},
  year={2015},
  publisher={IEEE}
}

@article{toft2020long,
  title={Long-term visual localization revisited},
  author={Toft, Carl and Maddern, Will and Torii, Akihiko and Hammarstrand, Lars and Stenborg, Erik and Safari, Daniel and Okutomi, Masatoshi and Pollefeys, Marc and Sivic, Josef and Pajdla, Tomas and others},
  journal={IEEE Transactions on Pattern Analysis and Machine Intelligence},
  volume={44},
  number={4},
  pages={2074--2088},
  year={2020},
  publisher={IEEE}
}


@article{mildenhall2021nerf,
  title={Nerf: Representing scenes as neural radiance fields for view synthesis},
  author={Mildenhall, Ben and Srinivasan, Pratul P and Tancik, Matthew and Barron, Jonathan T and Ramamoorthi, Ravi and Ng, Ren},
  journal={Communications of the ACM},
  volume={65},
  number={1},
  pages={99--106},
  year={2021},
  publisher={ACM New York, NY, USA}
}

@inproceedings{barron2021mip,
  title={Mip-nerf: A multiscale representation for anti-aliasing neural radiance fields},
  author={Barron, Jonathan T and Mildenhall, Ben and Tancik, Matthew and Hedman, Peter and Martin-Brualla, Ricardo and Srinivasan, Pratul P},
  booktitle=CVPR,
  pages={5855--5864},
  year={2021}
}

@inproceedings{fridovich2022plenoxels,
  title={Plenoxels: Radiance fields without neural networks},
  author={Fridovich-Keil, Sara and Yu, Alex and Tancik, Matthew and Chen, Qinhong and Recht, Benjamin and Kanazawa, Angjoo},
  booktitle=CVPR,
  pages={5501--5510},
  year={2022}
}

@article{muller2022instant,
  title={Instant neural graphics primitives with a multiresolution hash encoding},
  author={M{\"u}ller, Thomas and Evans, Alex and Schied, Christoph and Keller, Alexander},
  journal=TOG,
  volume={41},
  number={4},
  pages={1--15},
  year={2022},
  publisher={ACM New York, NY, USA}
}

@inproceedings{xu2022point,
  title={Point-nerf: Point-based neural radiance fields},
  author={Xu, Qiangeng and Xu, Zexiang and Philip, Julien and Bi, Sai and Shu, Zhixin and Sunkavalli, Kalyan and Neumann, Ulrich},
  booktitle=CVPR,
  pages={5438--5448},
  year={2022}
}

@inproceedings{barron2023zip,
  title={Zip-NeRF: Anti-aliased grid-based neural radiance fields},
  author={Barron, Jonathan T and Mildenhall, Ben and Verbin, Dor and Srinivasan, Pratul P and Hedman, Peter},
  booktitle=ICCV,
  year={2023}
}

@inproceedings{niemeyer2022regnerf,
  title={Regnerf: Regularizing neural radiance fields for view synthesis from sparse inputs},
  author={Niemeyer, Michael and Barron, Jonathan T and Mildenhall, Ben and Sajjadi, Mehdi SM and Geiger, Andreas and Radwan, Noha},
  booktitle=CVPR,
  pages={5480--5490},
  year={2022}
}

@article{zwicker2002ewa,
  title={EWA splatting},
  author={Zwicker, Matthias and Pfister, Hanspeter and Van Baar, Jeroen and Gross, Markus},
  journal=TVCG,
  volume={8},
  number={3},
  pages={223--238},
  year={2002},
  publisher={IEEE}
}

@inproceedings{chen2023gaussianeditor,
  title={Gaussianeditor: Swift and controllable 3d editing with gaussian splatting},
  author={Chen, Yiwen and Chen, Zilong and Zhang, Chi and Wang, Feng and Yang, Xiaofeng and Wang, Yikai and Cai, Zhongang and Yang, Lei and Liu, Huaping and Lin, Guosheng},
  booktitle=CVPR,
  year={2024}
}

@inproceedings{luiten2023dynamic,
  title={Dynamic 3D Gaussians: Tracking by Persistent Dynamic View Synthesis},
  author={Luiten, Jonathon and Kopanas, Georgios and Leibe, Bastian and Ramanan, Deva},
  booktitle=TDV,
  year={2023}
}

@inproceedings{guedon2023sugar,
  title={Sugar: Surface-aligned gaussian splatting for efficient 3d mesh reconstruction and high-quality mesh rendering},
  author={Gu{\'e}don, Antoine and Lepetit, Vincent},
  booktitle=CVPR,
  year={2024}
}

@article{cen2023segment,
  title={Segment any 3d gaussians},
  author={Cen, Jiazhong and Fang, Jiemin and Yang, Chen and Xie, Lingxi and Zhang, Xiaopeng and Shen, Wei and Tian, Qi},
  journal={arXiv preprint arXiv:2312.00860},
  year={2023}
}

@article{fu2023colmapfree,
                    title={COLMAP-Free 3D Gaussian Splatting}, 
                    author={Yang Fu and Sifei Liu and Amey Kulkarni and Jan Kautz and Alexei A. Efros and Xiaolong Wang},
                    year={2023},
                    eprint={2312.07504},
                    archivePrefix={arXiv},
}

@inproceedings{Matsuki:Murai:etal:CVPR2024,
  title={{G}aussian {S}platting {SLAM}},
  author={Hidenobu Matsuki and Riku Murai and Paul H. J. Kelly and Andrew J. Davison},
  booktitle=CVPR,
  year={2024}
}


@inproceedings{yang2023gs4d,
  title={Real-time Photorealistic Dynamic Scene Representation and Rendering with 4D Gaussian Splatting},
  author={Yang, Zeyu and Yang, Hongye and Pan, Zijie and Zhang, Li},
  booktitle = ICLR,
  year={2024}
}

@inproceedings{tancik2022block,
  title={Block-nerf: Scalable large scene neural view synthesis},
  author={Tancik, Matthew and Casser, Vincent and Yan, Xinchen and Pradhan, Sabeek and Mildenhall, Ben and Srinivasan, Pratul P and Barron, Jonathan T and Kretzschmar, Henrik},
  booktitle=CVPR,
  pages={8248--8258},
  year={2022}
}

@article{guo2023streetsurf,
      title={StreetSurf: Extending Multi-view Implicit Surface Reconstruction to Street Views},
      author={Guo, Jianfei and Deng, Nianchen and Li, Xinyang and Bai, Yeqi and Shi, Botian and Wang, Chiyu and Ding, Chenjing and Wang, Dongliang and Li, Yikang},
      journal={arXiv preprint arXiv:2306.04988},
      year={2023}
    }


@inproceedings{yang2023emernerf,
    title={EmerNeRF: Emergent Spatial-Temporal Scene Decomposition via Self-Supervision},
    author={Jiawei Yang and Boris Ivanovic and Or Litany and Xinshuo Weng and Seung Wook Kim and Boyi Li and Tong Che and Danfei Xu and Sanja Fidler and Marco Pavone and Yue Wang},
    booktitle=ICLR,
    year={2024}
}


@inproceedings{ost2021neural,
  title={Neural scene graphs for dynamic scenes},
  author={Ost, Julian and Mannan, Fahim and Thuerey, Nils and Knodt, Julian and Heide, Felix},
  booktitle=CVPR,
  pages={2856--2865},
  year={2021}
}

@inproceedings{turki2023suds,
  title={SUDS: Scalable Urban Dynamic Scenes},
  author={Turki, Haithem and Zhang, Jason Y and Ferroni, Francesco and Ramanan, Deva},
  booktitle=CVPR,
  pages={12375--12385},
  year={2023}
}


@inproceedings{rematas2022urban,
  title={Urban radiance fields},
  author={Rematas, Konstantinos and Liu, Andrew and Srinivasan, Pratul P and Barron, Jonathan T and Tagliasacchi, Andrea and Funkhouser, Thomas and Ferrari, Vittorio},
  booktitle=CVPR,
  pages={12932--12942},
  year={2022}
}

@inproceedings{yang2023unisim,
  title={UniSim: A Neural Closed-Loop Sensor Simulator},
  author={Yang, Ze and Chen, Yun and Wang, Jingkang and Manivasagam, Sivabalan and Ma, Wei-Chiu and Yang, Anqi Joyce and Urtasun, Raquel},
  booktitle=CVPR,
  pages={1389--1399},
  year={2023}
}

@inproceedings{yan2024street,
  title={Street gaussians for modeling dynamic urban scenes},
  author={Yan, Yunzhi and Lin, Haotong and Zhou, Chenxu and Wang, Weijie and Sun, Haiyang and Zhan, Kun and Lang, Xianpeng and Zhou, Xiaowei and Peng, Sida},
  booktitle=CVPR,
  year={2024}
}


@inproceedings{xie2022s,
  title={S-NeRF: Neural Radiance Fields for Street Views},
  author={Xie, Ziyang and Zhang, Junge and Li, Wenye and Zhang, Feihu and Zhang, Li},
  booktitle=ICLR,
  year={2022}
}


@inproceedings{wang2023neural,
  title={Neural Fields meet Explicit Geometric Representations for Inverse Rendering of Urban Scenes},
  author={Wang, Zian and Shen, Tianchang and Gao, Jun and Huang, Shengyu and Munkberg, Jacob and Hasselgren, Jon and Gojcic, Zan and Chen, Wenzheng and Fidler, Sanja},
  booktitle=CVPR,
  pages={8370--8380},
  year={2023}
}

@inproceedings{cheng2020panoptic,
  title={Panoptic-deeplab: A simple, strong, and fast baseline for bottom-up panoptic segmentation},
  author={Cheng, Bowen and Collins, Maxwell D and Zhu, Yukun and Liu, Ting and Huang, Thomas S and Adam, Hartwig and Chen, Liang-Chieh},
  booktitle=CVPR,
  pages={12475--12485},
  year={2020}
}

@inproceedings{caron2021emerging,
  title={Emerging properties in self-supervised vision transformers},
  author={Caron, Mathilde and Touvron, Hugo and Misra, Ishan and J{\'e}gou, Herv{\'e} and Mairal, Julien and Bojanowski, Piotr and Joulin, Armand},
  booktitle=ICCV,
  pages={9650--9660},
  year={2021}
}

@inproceedings{teed2020raft,
  title={Raft: Recurrent all-pairs field transforms for optical flow},
  author={Teed, Zachary and Deng, Jia},
  booktitle=ECCV,
  pages={402--419},
  year={2020},
  organization={Springer}
}


@inproceedings{piccardi2004background,
  title={Background subtraction techniques: a review},
  author={Piccardi, Massimo},
  booktitle={IEEE international conference on systems, man and cybernetics},
  volume={4},
  pages={3099--3104},
  year={2004},
  organization={IEEE}
}


@article{liu2015background,
  title={Background subtraction based on low-rank and structured sparse decomposition},
  author={Liu, Xin and Zhao, Guoying and Yao, Jiawen and Qi, Chun},
  journal=TIP,
  volume={24},
  number={8},
  pages={2502--2514},
  year={2015},
  publisher={IEEE}
}

@inproceedings{brutzer2011evaluation,
  title={Evaluation of background subtraction techniques for video surveillance},
  author={Brutzer, Sebastian and H{\"o}ferlin, Benjamin and Heidemann, Gunther},
  booktitle=CVPR,
  pages={1937--1944},
  year={2011},
  organization={IEEE}
}


@article{zhou2012moving,
  title={Moving object detection by detecting contiguous outliers in the low-rank representation},
  author={Zhou, Xiaowei and Yang, Can and Yu, Weichuan},
  journal={IEEE Transactions on Pattern Analysis and Machine Intelligence},
  volume={35},
  number={3},
  pages={597--610},
  year={2012},
  publisher={IEEE}
}

@inproceedings{sheikh2009background,
  title={Background subtraction for freely moving cameras},
  author={Sheikh, Yaser and Javed, Omar and Kanade, Takeo},
  booktitle=ICCV,
  pages={1219--1225},
  year={2009},
  organization={IEEE}
}

@inproceedings{hayman2003statistical,
  title={Statistical background subtraction for a mobile observer},
  author={Hayman and Eklundh},
  booktitle=ICCV,
  pages={67--74},
  year={2003},
  organization={IEEE}
}

@inproceedings{yuan2021star,
  title={Star: Self-supervised tracking and reconstruction of rigid objects in motion with neural rendering},
  author={Yuan, Wentao and Lv, Zhaoyang and Schmidt, Tanner and Lovegrove, Steven},
  booktitle={Proceedings of the IEEE/CVF Conference on Computer Vision and Pattern Recognition},
  pages={13144--13152},
  year={2021}
}

@article{wu2022d,
  title={D\^{} 2NeRF: Self-Supervised Decoupling of Dynamic and Static Objects from a Monocular Video},
  author={Wu, Tianhao and Zhong, Fangcheng and Tagliasacchi, Andrea and Cole, Forrester and Oztireli, Cengiz},
  journal=NeurIPS,
  volume={35},
  pages={32653--32666},
  year={2022}
}


@inproceedings{darcet2023vision,
  title={Vision Transformers Need Registers},
  author={Darcet, Timoth{\'e}e and Oquab, Maxime and Mairal, Julien and Bojanowski, Piotr},
  booktitle=ICLR,
  year={2023}
}

@inproceedings{zhou2023feature,
  title={Feature 3dgs: Supercharging 3d gaussian splatting to enable distilled feature fields},
  author={Zhou, Shijie and Chang, Haoran and Jiang, Sicheng and Fan, Zhiwen and Zhu, Zehao and Xu, Dejia and Chari, Pradyumna and You, Suya and Wang, Zhangyang and Kadambi, Achuta},
  booktitle=CVPR,
  year={2024}
}


@article{brown2020language,
  title={Language models are few-shot learners},
  author={Brown, Tom and Mann, Benjamin and Ryder, Nick and Subbiah, Melanie and Kaplan, Jared D and Dhariwal, Prafulla and Neelakantan, Arvind and Shyam, Pranav and Sastry, Girish and Askell, Amanda and others},
  journal=NeurIPS,
  volume={33},
  pages={1877--1901},
  year={2020}
}

@inproceedings{dosovitskiy2020image,
  title={An Image is Worth 16x16 Words: Transformers for Image Recognition at Scale},
  author={Dosovitskiy, Alexey and Beyer, Lucas and Kolesnikov, Alexander and Weissenborn, Dirk and Zhai, Xiaohua and Unterthiner, Thomas and Dehghani, Mostafa and Minderer, Matthias and Heigold, Georg and Gelly, Sylvain and others},
  booktitle=ICLR,
  year={2020}
}

@inproceedings{ranftl2021vision,
  title={Vision transformers for dense prediction},
  author={Ranftl, Ren{\'e} and Bochkovskiy, Alexey and Koltun, Vladlen},
  booktitle=ICCV,
  pages={12179--12188},
  year={2021}
}

@article{vaswani2017attention,
  title={Attention is all you need},
  author={Vaswani, Ashish and Shazeer, Noam and Parmar, Niki and Uszkoreit, Jakob and Jones, Llion and Gomez, Aidan N and Kaiser, {\L}ukasz and Polosukhin, Illia},
  journal=NeurIPS,
  volume={30},
  year={2017}
}

@inproceedings{schonberger2016structure,
  title={Structure-from-motion revisited},
  author={Schonberger, Johannes L and Frahm, Jan-Michael},
  booktitle=CVPR,
  pages={4104--4113},
  year={2016}
}


@inproceedings{martin2021nerf,
  title={Nerf in the wild: Neural radiance fields for unconstrained photo collections},
  author={Martin-Brualla, Ricardo and Radwan, Noha and Sajjadi, Mehdi SM and Barron, Jonathan T and Dosovitskiy, Alexey and Duckworth, Daniel},
  booktitle=CVPR,
  pages={7210--7219},
  year={2021}
}


@inproceedings{chen2022hallucinated,
  title={Hallucinated neural radiance fields in the wild},
  author={Chen, Xingyu and Zhang, Qi and Li, Xiaoyu and Chen, Yue and Feng, Ying and Wang, Xuan and Wang, Jue},
  booktitle=CVPR,
  pages={12943--12952},
  year={2022}
}


@inproceedings{yang2023cross,
  title={Cross-ray neural radiance fields for novel-view synthesis from unconstrained image collections},
  author={Yang, Yifan and Zhang, Shuhai and Huang, Zixiong and Zhang, Yubing and Tan, Mingkui},
  booktitle=ICCV,
  pages={15901--15911},
  year={2023}
}


@inproceedings{sabour2023robustnerf,
  title={RobustNeRF: Ignoring Distractors with Robust Losses},
  author={Sabour, Sara and Vora, Suhani and Duckworth, Daniel and Krasin, Ivan and Fleet, David J and Tagliasacchi, Andrea},
  booktitle=CVPR,
  pages={20626--20636},
  year={2023}
}

@article{suzuki1985topological,
  title={Topological structural analysis of digitized binary images by border following},
  author={Suzuki, Satoshi and others},
  journal={Computer vision, graphics, and image processing},
  volume={30},
  number={1},
  pages={32--46},
  year={1985},
  publisher={Elsevier}
}

@inproceedings{wang2022sparsenerf,
   author    = {Wang, Guangcong and Chen, Zhaoxi and Loy, Chen Change and Liu, Ziwei},
   title     = {SparseNeRF: Distilling Depth Ranking for Few-shot Novel View Synthesis},
   booktitle = ICCV,   
   year      = {2023},
  }


@inproceedings{sun2020scalability,
  title={Scalability in perception for autonomous driving: Waymo open dataset},
  author={Sun, Pei and Kretzschmar, Henrik and Dotiwalla, Xerxes and Chouard, Aurelien and Patnaik, Vijaysai and Tsui, Paul and Guo, James and Zhou, Yin and Chai, Yuning and Caine, Benjamin and others},
  booktitle=CVPR,
  pages={2446--2454},
  year={2020}
}

@inproceedings{caesar2020nuscenes,
  title={nuscenes: A multimodal dataset for autonomous driving},
  author={Caesar, Holger and Bankiti, Varun and Lang, Alex H and Vora, Sourabh and Liong, Venice Erin and Xu, Qiang and Krishnan, Anush and Pan, Yu and Baldan, Giancarlo and Beijbom, Oscar},
  booktitle=CVPR,
  pages={11621--11631},
  year={2020}
}


@inproceedings{xie2021segformer,
  title={SegFormer: Simple and efficient design for semantic segmentation with transformers},
  author={Xie, Enze and Wang, Wenhai and Yu, Zhiding and Anandkumar, Anima and Alvarez, Jose M and Luo, Ping},
  booktitle=NeurIPS,
  volume={34},
  pages={12077--12090},
  year={2021}
}


@misc{Anonymous24,
 author = {Anonymous},
 title = {The frobnicatable foo filter},
 note = {{ECCV} submission ID 00324, supplied as supplemental material {\tt 00324.pdf}},
 year = 2024
}

@misc{Anonymous24b,
 author = {Anonymous},
 title = {Frobnication tutorial},
 note = {Supplied as supplemental material {\tt tr.pdf}},
 year = 2024
}

@article{Alpher02,
author = {FirstName Alpher},
title = {Frobnication},
journal = PAMI,
volume = 12,
number = 1,
pages = {234--778},
year = 2002
}

@article{Alpher03,
author = {FirstName Alpher and FirstName Fotheringham-Smythe},
title = {Frobnication revisited},
journal = {Journal of Foo},
volume = 13,
number = 1,
pages = {234--778},
year = 2003
}

@article{Alpher04,
author = {FirstName Alpher and FirstName Fotheringham-Smythe and FirstName Gamow},
title = {Can a machine frobnicate?},
journal = {Journal of Foo},
volume = 14,
number = 1,
pages = {234--778},
year = 2004
}

@inproceedings{Alpher05,
author = {FirstName Alpher and FirstName Gamow},
title = {Can a computer frobnicate?},
booktitle = CVPR,
pages = {234--778},
year = 2005
}

@book{ECCV2022,
    editor = {Shai Avidan and Gabriel Brostow and Moustapha Ciss√© and Giovanni Maria Farinella and Tal Hassner},
    title = {Computer Vision -- ECCV 2022},
    year = {2022},
    publisher = {Springer},
    doi = {10.1007/978-3-031-19769-7}
}

@inproceedings{monodepth17,
  title     = {Unsupervised Monocular Depth Estimation with Left-Right Consistency},
  author    = {Cl{\'{e}}ment Godard and
               Oisin {Mac Aodha} and
               Gabriel J. Brostow},
  booktitle = {CVPR},
  year = {2017}
}



@inproceedings{zhou2017scene,
  title={Scene parsing through ade20k dataset},
  author={Zhou, Bolei and Zhao, Hang and Puig, Xavier and Fidler, Sanja and Barriuso, Adela and Torralba, Antonio},
  booktitle={Proceedings of the IEEE conference on computer vision and pattern recognition},
  pages={633--641},
  year={2017}
}

@inproceedings{cordts2016cityscapes,
  title={The cityscapes dataset for semantic urban scene understanding},
  author={Cordts, Marius and Omran, Mohamed and Ramos, Sebastian and Rehfeld, Timo and Enzweiler, Markus and Benenson, Rodrigo and Franke, Uwe and Roth, Stefan and Schiele, Bernt},
  booktitle={Proceedings of the IEEE conference on computer vision and pattern recognition},
  pages={3213--3223},
  year={2016}
}

@article{kim2023causal,
  title={Causal unsupervised semantic segmentation},
  author={Kim, Junho and Lee, Byung-Kwan and Ro, Yong Man},
  journal={arXiv preprint arXiv:2310.07379},
  year={2023}
}


@inproceedings{karnchanachari2024towards,
  title={Towards learning-based planning: The nuPlan benchmark for real-world autonomous driving},
  author={Karnchanachari, Napat and Geromichalos, Dimitris and Tan, Kok Seang and Li, Nanxiang and Eriksen, Christopher and Yaghoubi, Shakiba and Mehdipour, Noushin and Bernasconi, Gianmarco and Fong, Whye Kit and Guo, Yiluan and others},
  booktitle=ICRA,
  year={2024}
}

@article{Huang2DGS2024,
    title={2D Gaussian Splatting for Geometrically Accurate Radiance Fields},
    author={Huang, Binbin and Yu, Zehao and Chen, Anpei and Geiger, Andreas and Gao, Shenghua},
    journal={SIGGRAPH},
    year={2024}
}

@Article{hierarchicalgaussians24,
      author       = {Kerbl, Bernhard and Meuleman, Andreas and Kopanas, Georgios and Wimmer, Michael and Lanvin, Alexandre and Drettakis, George},
      title        = {A Hierarchical 3D Gaussian Representation for Real-Time Rendering of Very Large Datasets},
      journal      = {ACM Transactions on Graphics},
      number       = {4},
      volume       = {43},
      month        = {July},
      year         = {2024},
}

@inproceedings{zhao2017pspnet,
  title={Pyramid Scene Parsing Network},
  author={Zhao, Hengshuang and Shi, Jianping and Qi, Xiaojuan and Wang, Xiaogang and Jia, Jiaya},
  booktitle=CVPR,
  year={2017}
}


@inproceedings{you2024better,
  title={Better Monocular 3D Detectors with LiDAR from the Past},
  author={You, Yurong and Phoo, Cheng Perng and Diaz-Ruiz, Carlos Andres and Luo, Katie Z and Chao, Wei-Lun and Campbell, Mark and Hariharan, Bharath and Weinberger, Kilian Q},
  booktitle=ICRA,
  year={2024}
}

@phdthesis{you2023enhancing,
  title={Enhancing 3D Perception with Unlabeled Repeated Historical Data for Autonomous Vehicles},
  author={You, Yurong},
  year={2023},
  school={Cornell University}
}

@inproceedings{xiong2023neural,
  title={Neural map prior for autonomous driving},
  author={Xiong, Xuan and Liu, Yicheng and Yuan, Tianyuan and Wang, Yue and Wang, Yilun and Zhao, Hang},
  booktitle=CVPR,
  pages={17535--17544},
  year={2023}
}

@article{yuan2024presight,
  title={PreSight: Enhancing Autonomous Vehicle Perception with City-Scale NeRF Priors},
  author={Yuan, Tianyuan and Mao, Yucheng and Yang, Jiawei and Liu, Yicheng and Wang, Yue and Zhao, Hang},
  journal={arXiv preprint arXiv:2403.09079},
  year={2024}
}

@article{maddern20171,
  title={1 year, 1000 km: The oxford robotcar dataset},
  author={Maddern, Will and Pascoe, Geoffrey and Linegar, Chris and Newman, Paul},
  journal={The International Journal of Robotics Research},
  volume={36},
  number={1},
  pages={3--15},
  year={2017},
  publisher={SAGE Publications Sage UK: London, England}
}

@article{li2023collaborative,
  title={Collaborative Visual Place Recognition},
  author={Li, Yiming and Lyu, Zonglin and Lu, Mingxuan and Chen, Chao and Milford, Michael and Feng, Chen},
  journal={arXiv preprint arXiv:2310.05541},
  year={2023}
}

@article{li2024nerfxl,
    title={NeRF-XL: Scaling NeRFs with Multiple GPUs}, 
    author={Ruilong Li and Sanja Fidler and Angjoo Kanazawa and Francis Williams},
    journal={arXiv preprint arXiv:2404.16221},
    year={2024}
  }

@inproceedings{turki2022mega,
  title={Mega-nerf: Scalable construction of large-scale nerfs for virtual fly-throughs},
  author={Turki, Haithem and Ramanan, Deva and Satyanarayanan, Mahadev},
  booktitle=CVPR,
  pages={12922--12931},
  year={2022}
}


@inproceedings{xiangli2022bungeenerf,
  title={Bungeenerf: Progressive neural radiance field for extreme multi-scale scene rendering},
  author={Xiangli, Yuanbo and Xu, Linning and Pan, Xingang and Zhao, Nanxuan and Rao, Anyi and Theobalt, Christian and Dai, Bo and Lin, Dahua},
  booktitle=ECCV,
  pages={106--122},
  year={2022},
  organization={Springer}
}


@inproceedings{tonderski2023neurad,
  title={NeuRAD: Neural rendering for autonomous driving},
  author={Tonderski, Adam and Lindstr{\"o}m, Carl and Hess, Georg and Ljungbergh, William and Svensson, Lennart and Petersson, Christoffer},
  booktitle=CVPR,
  year={2024}
}

@inproceedings{zhou2023drivinggaussian,
  title={Drivinggaussian: Composite gaussian splatting for surrounding dynamic autonomous driving scenes},
  author={Zhou, Xiaoyu and Lin, Zhiwei and Shan, Xiaojun and Wang, Yongtao and Sun, Deqing and Yang, Ming-Hsuan},
  booktitle=CVPR,
  year={2023}
}

@article{zhou2024hugs,
  title={HUGS: Holistic Urban 3D Scene Understanding via Gaussian Splatting},
  author={Zhou, Hongyu and Shao, Jiahao and Xu, Lu and Bai, Dongfeng and Qiu, Weichao and Liu, Bingbing and Wang, Yue and Geiger, Andreas and Liao, Yiyi},
  journal={arXiv preprint arXiv:2403.12722},
  year={2024}
}

@article{chen2023periodic,
  title={Periodic vibration gaussian: Dynamic urban scene reconstruction and real-time rendering},
  author={Chen, Yurui and Gu, Chun and Jiang, Junzhe and Zhu, Xiatian and Zhang, Li},
  journal={arXiv preprint arXiv:2311.18561},
  year={2023}
}

@article{zhao2024tclc,
  title={TCLC-GS: Tightly Coupled LiDAR-Camera Gaussian Splatting for Surrounding Autonomous Driving Scenes},
  author={Zhao, Cheng and Sun, Su and Wang, Ruoyu and Guo, Yuliang and Wan, Jun-Jun and Huang, Zhou and Huang, Xinyu and Chen, Yingjie Victor and Ren, Liu},
  journal={arXiv preprint arXiv:2404.02410},
  year={2024}
}

@article{fan2024instantsplat,
  title={InstantSplat: Unbounded Sparse-view Pose-free Gaussian Splatting in 40 Seconds},
  author={Fan, Zhiwen and Cong, Wenyan and Wen, Kairun and Wang, Kevin and Zhang, Jian and Ding, Xinghao and Xu, Danfei and Ivanovic, Boris and Pavone, Marco and Pavlakos, Georgios and others},
  journal={arXiv preprint arXiv:2403.20309},
  year={2024}
}

@inproceedings{cheng2024gaussianpro,
  title={GaussianPro: 3D Gaussian Splatting with Progressive Propagation},
  author={Cheng, Kai and Long, Xiaoxiao and Yang, Kaizhi and Yao, Yao and Yin, Wei and Ma, Yuexin and Wang, Wenping and Chen, Xuejin},
  booktitle=ICML,
  year={2024}
}

@inproceedings{qin2023langsplat,
  title={LangSplat: 3D Language Gaussian Splatting},
  author={Qin, Minghan and Li, Wanhua and Zhou, Jiawei and Wang, Haoqian and Pfister, Hanspeter},
  booktitle=CVPR,
  year={2024}
}

@article{lin2024vastgaussian,
  title={VastGaussian: Vast 3D Gaussians for Large Scene Reconstruction},
  author={Lin, Jiaqi and Li, Zhihao and Tang, Xiao and Liu, Jianzhuang and Liu, Shiyong and Liu, Jiayue and Lu, Yangdi and Wu, Xiaofei and Xu, Songcen and Yan, Youliang and others},
  journal={arXiv preprint arXiv:2402.17427},
  year={2024}
}