@article{das2017survey,
  title={A survey on recommendation system},
  author={Das, Debashis and Sahoo, Laxman and Datta, Sujoy},
  journal={International Journal of Computer Applications},
  volume={160},
  number={7},
  year={2017},
  publisher={Foundation of Computer Science}
}

@inproceedings{mcmahan2017communication,
  title={Communication-efficient learning of deep networks from decentralized data},
  author={McMahan, Brendan and Moore, Eider and Ramage, Daniel and Hampson, Seth and y Arcas, Blaise Aguera},
  booktitle={Artificial intelligence and statistics},
  pages={1273--1282},
  year={2017},
  organization={PMLR}
}

@article{li2020federated,
  title={Federated optimization in heterogeneous networks},
  author={Li, Tian and Sahu, Anit Kumar and Zaheer, Manzil and Sanjabi, Maziar and Talwalkar, Ameet and Smith, Virginia},
  journal={Proceedings of Machine Learning and Systems},
  volume={2},
  pages={429--450},
  year={2020}
}

@article{donoho1995noising,
  title={De-noising by soft-thresholding},
  author={Donoho, David L},
  journal={IEEE transactions on information theory},
  volume={41},
  number={3},
  pages={613--627},
  year={1995},
  publisher={IEEE}
}
Hyper


@InProceedings{pmlr-v119-karimireddy20a,
  title = 	 {{SCAFFOLD}: Stochastic Controlled Averaging for Federated Learning},
  author =       {Karimireddy, Sai Praneeth and Kale, Satyen and Mohri, Mehryar and Reddi, Sashank and Stich, Sebastian and Suresh, Ananda Theertha},
  booktitle = 	 {Proceedings of the 37th International Conference on Machine Learning},
  pages = 	 {5132--5143},
  year = 	 {2020},
  volume = 	 {119},
  series = 	 {Proceedings of Machine Learning Research},
  publisher =    {PMLR},
}

@inproceedings{pillutla2022federated,
  title={Federated learning with partial model personalization},
  author={Pillutla, Krishna and Malik, Kshitiz and Mohamed, Abdel-Rahman and Rabbat, Mike and Sanjabi, Maziar and Xiao, Lin},
  booktitle={International Conference on Machine Learning},
  pages={17716--17758},
  year={2022},
  organization={PMLR}
}

@inproceedings{
singhal2021federated,
title={Federated Reconstruction: Partially Local Federated Learning},
author={Karan Singhal and Hakim Sidahmed and Zachary Garrett and Shanshan Wu and J Keith Rush and Sushant Prakash},
booktitle={Advances in Neural Information Processing Systems},
editor={A. Beygelzimer and Y. Dauphin and P. Liang and J. Wortman Vaughan},
year={2021},
url={https://openreview.net/forum?id=Hk0olMdZOIU}
}

@article{zhao2018federated,
  title={Federated learning with non-iid data},
  author={Zhao, Yue and Li, Meng and Lai, Liangzhen and Suda, Naveen and Civin, Damon and Chandra, Vikas},
  journal={arXiv preprint arXiv:1806.00582},
  year={2018}
}

@article{yang2019federated,
  title={Federated machine learning: Concept and applications},
  author={Yang, Qiang and Liu, Yang and Chen, Tianjian and Tong, Yongxin},
  journal={ACM Transactions on Intelligent Systems and Technology (TIST)},
  volume={10},
  number={2},
  pages={1--19},
  year={2019},
  publisher={ACM New York, NY, USA}
}

@incollection{yang2020federated,
  title={Federated recommendation systems},
  author={Yang, Liu and Tan, Ben and Zheng, Vincent W and Chen, Kai and Yang, Qiang},
  booktitle={Federated Learning},
  pages={225--239},
  year={2020},
  publisher={Springer}
}

@article{voigt2017eu,
  title={The eu general data protection regulation (gdpr)},
  author={Voigt, Paul and Von dem Bussche, Axel},
  journal={A Practical Guide, 1st Ed., Cham: Springer International Publishing},
  volume={10},
  number={3152676},
  pages={10--5555},
  year={2017},
  publisher={Springer}
}

@article{yang2018applied,
  title={Applied federated learning: Improving google keyboard query suggestions},
  author={Yang, Timothy and Andrew, Galen and Eichner, Hubert and Sun, Haicheng and Li, Wei and Kong, Nicholas and Ramage, Daniel and Beaufays, Fran{\c{c}}oise},
  journal={arXiv preprint arXiv:1812.02903},
  year={2018}
}

@article{lin2020fedrec,
  title={Fedrec: Federated recommendation with explicit feedback},
  author={Lin, Guanyu and Liang, Feng and Pan, Weike and Ming, Zhong},
  journal={IEEE Intelligent Systems},
  volume={36},
  number={5},
  pages={21--30},
  year={2020},
  publisher={IEEE}
}


@inproceedings{luo2022personalized,
  title={Personalized Federated Recommendation via Joint Representation Learning, User Clustering, and Model Adaptation},
  author={Luo, Sichun and Xiao, Yuanzhang and Song, Linqi},
  booktitle={Proceedings of the 31st ACM International Conference on Information \& Knowledge Management},
  pages={4289--4293},
  year={2022}
}

@inproceedings{li2020frs,
  title={Federated recommendation system via differential privacy},
  author={Li, Tan and Song, Linqi and Fragouli, Christina},
  booktitle={2020 IEEE International Symposium on Information Theory (ISIT)},
  pages={2592--2597},
  year={2020},
  organization={IEEE}
}


@article{alamgir2022federated,
  title={Federated recommenders: methods, challenges and future},
  author={Alamgir, Zareen and Khan, Farwa K and Karim, Saira},
  journal={Cluster Computing},
  volume={25},
  number={6},
  pages={4075--4096},
  year={2022},
  publisher={Springer}
}

@inproceedings{liang2021fedrec++,
  title={Fedrec++: Lossless federated recommendation with explicit feedback},
  author={Liang, Feng and Pan, Weike and Ming, Zhong},
  booktitle={Proceedings of the AAAI conference on artificial intelligence},
  volume={35},
  pages={4224--4231},
  year={2021}
}

@article{luo2021no,
  title={No fear of heterogeneity: Classifier calibration for federated learning with non-iid data},
  author={Luo, Mi and Chen, Fei and Hu, Dapeng and Zhang, Yifan and Liang, Jian and Feng, Jiashi},
  journal={Advances in Neural Information Processing Systems},
  volume={34},
  pages={5972--5984},
  year={2021}
}


@inproceedings{karimireddy2020scaffold,
  title={Scaffold: Stochastic controlled averaging for federated learning},
  author={Karimireddy, Sai Praneeth and Kale, Satyen and Mohri, Mehryar and Reddi, Sashank and Stich, Sebastian and Suresh, Ananda Theertha},
  booktitle={International Conference on Machine Learning},
  pages={5132--5143},
  year={2020},
  organization={PMLR}
}

@article{lee2000algorithms,
  title={Algorithms for non-negative matrix factorization},
  author={Lee, Daniel and Seung, H Sebastian},
  journal={Advances in neural information processing systems},
  volume={13},
  year={2000}
}

@article{candes2010matrix,
  title={Matrix completion with noise},
  author={Candes, Emmanuel J and Plan, Yaniv},
  journal={Proceedings of the IEEE},
  volume={98},
  number={6},
  pages={925--936},
  year={2010},
  publisher={IEEE}
}

@article{chai2020secure,
  title={Secure federated matrix factorization},
  author={Chai, Di and Wang, Leye and Chen, Kai and Yang, Qiang},
  journal={IEEE Intelligent Systems},
  volume={36},
  number={5},
  pages={11--20},
  year={2020},
  publisher={IEEE}
}

@inproceedings{kim2016efficient,
  title={Efficient privacy-preserving matrix factorization via fully homomorphic encryption},
  author={Kim, Sungwook and Kim, Jinsu and Koo, Dongyoung and Kim, Yuna and Yoon, Hyunsoo and Shin, Junbum},
  booktitle={Proceedings of the 11th ACM on Asia conference on computer and communications security},
  pages={617--628},
  year={2016}
}

@inproceedings{gretton2005measuring,
  title={Measuring statistical dependence with Hilbert-Schmidt norms},
  author={Gretton, Arthur and Bousquet, Olivier and Smola, Alex and Sch{\"o}lkopf, Bernhard},
  booktitle={International conference on algorithmic learning theory},
  pages={63--77},
  year={2005},
  organization={Springer}
}

@inproceedings{Cantador:RecSys2011,
author = {Cantador, Iv'{a}n and Brusilovsky, Peter and Kuflik, Tsvi},
title = {2nd Workshop on Information Heterogeneity and Fusion in Recommender Systems (HetRec 2011)},
booktitle = {Proceedings of the 5th ACM conference on Recommender systems},
series = {RecSys 2011},
year = {2011},
location = {Chicago, IL, USA},
publisher = {ACM},
address = {New York, NY, USA},
keywords = {information heterogeneity, information integration, recommender systems},
}

@article{goldberg2001eigentaste,
  title={Eigentaste: A constant time collaborative filtering algorithm},
  author={Goldberg, Ken and Roeder, Theresa and Gupta, Dhruv and Perkins, Chris},
  journal={information retrieval},
  volume={4},
  number={2},
  pages={133--151},
  year={2001},
  publisher={Springer}
}

@inproceedings{ziegler2005improving,
  title={Improving recommendation lists through topic diversification},
  author={Ziegler, Cai-Nicolas and McNee, Sean M and Konstan, Joseph A and Lausen, Georg},
  booktitle={Proceedings of the 14th international conference on World Wide Web},
  pages={22--32},
  year={2005}
}

@inproceedings{ji2019learning,
  title={Learning private neural language modeling with attentive aggregation},
  author={Ji, Shaoxiong and Pan, Shirui and Long, Guodong and Li, Xue and Jiang, Jing and Huang, Zi},
  booktitle={2019 International joint conference on neural networks (IJCNN)},
  pages={1--8},
  year={2019},
  organization={IEEE}
}

@article{huang2020personalized,
  title={Personalized federated learning: An attentive collaboration approach},
  author={Huang, Yutao and Chu, Lingyang and Zhou, Zirui and Wang, Lanjun and Liu, Jiangchuan and Pei, Jian and Zhang, Yong},
  journal={arXiv preprint arXiv:2007.03797},
  volume={1},
  pages={2},
  year={2020}
}

@article{wu2021fast,
  title={Fast-convergent federated learning with adaptive weighting},
  author={Wu, Hongda and Wang, Ping},
  journal={IEEE Transactions on Cognitive Communications and Networking},
  volume={7},
  number={4},
  pages={1078--1088},
  year={2021},
  publisher={IEEE}
}

@inproceedings{michieli2021all,
  title={Are All Users Treated Fairly in Federated Learning Systems?},
  author={Michieli, Umberto and Ozay, Mete},
  booktitle={Proceedings of the IEEE/CVF Conference on Computer Vision and Pattern Recognition},
  pages={2318--2322},
  year={2021}
}

@inproceedings{li2021ditto,
  title={Ditto: Fair and robust federated learning through personalization},
  author={Li, Tian and Hu, Shengyuan and Beirami, Ahmad and Smith, Virginia},
  booktitle={International Conference on Machine Learning},
  pages={6357--6368},
  year={2021},
  organization={PMLR}
}


@inproceedings{hao2021towards,
  title={Towards fair federated learning with zero-shot data augmentation},
  author={Hao, Weituo and El-Khamy, Mostafa and Lee, Jungwon and Zhang, Jianyi and Liang, Kevin J and Chen, Changyou and Duke, Lawrence Carin},
  booktitle={Proceedings of the IEEE/CVF Conference on Computer Vision and Pattern Recognition},
  pages={3310--3319},
  year={2021}
}

@article{ammad2019federated,
  title={Federated collaborative filtering for privacy-preserving personalized recommendation system},
  author={Ammad-Ud-Din, Muhammad and Ivannikova, Elena and Khan, Suleiman A and Oyomno, Were and Fu, Qiang and Tan, Kuan Eeik and Flanagan, Adrian},
  journal={arXiv preprint arXiv:1901.09888},
  year={2019}
}

@inproceedings{flanagan2020federated,
  title={Federated multi-view matrix factorization for personalized recommendations},
  author={Flanagan, Adrian and Oyomno, Were and Grigorievskiy, Alexander and Tan, Kuan E and Khan, Suleiman A and Ammad-Ud-Din, Muhammad},
  booktitle={Joint European Conference on Machine Learning and Knowledge Discovery in Databases},
  pages={324--347},
  year={2020},
  organization={Springer}
}

@article{perifanis2022federated,
  title={Federated neural collaborative filtering},
  author={Perifanis, Vasileios and Efraimidis, Pavlos S},
  journal={Knowledge-Based Systems},
  volume={242},
  pages={108441},
  year={2022},
  publisher={Elsevier}
}

@inproceedings{liu2022fairness,
  title={Fairness-aware Federated Matrix Factorization},
  author={Liu, Shuchang and Ge, Yingqiang and Xu, Shuyuan and Zhang, Yongfeng and Marian, Amelie},
  booktitle={Proceedings of the 16th ACM Conference on Recommender Systems},
  pages={168--178},
  year={2022}
}

@article{t2020personalized,
  title={Personalized federated learning with moreau envelopes},
  author={T Dinh, Canh and Tran, Nguyen and Nguyen, Josh},
  journal={Advances in Neural Information Processing Systems},
  volume={33},
  pages={21394--21405},
  year={2020}
}


@inproceedings{he2017neural,
  title={Neural collaborative filtering},
  author={He, Xiangnan and Liao, Lizi and Zhang, Hanwang and Nie, Liqiang and Hu, Xia and Chua, Tat-Seng},
  booktitle={Proceedings of the 26th international conference on world wide web},
  pages={173--182},
  year={2017}
}

@article{du2021federated,
  title={Federated matrix factorization for privacy-preserving recommender systems},
  author={Du, Yongjie and Zhou, Deyun and Xie, Yu and Shi, Jiao and Gong, Maoguo},
  journal={Applied Soft Computing},
  volume={111},
  pages={107700},
  year={2021},
  publisher={Elsevier}
}

@article{liu2022federated,
  title={Federated social recommendation with graph neural network},
  author={Liu, Zhiwei and Yang, Liangwei and Fan, Ziwei and Peng, Hao and Yu, Philip S},
  journal={ACM Transactions on Intelligent Systems and Technology (TIST)},
  volume={13},
  number={4},
  pages={1--24},
  year={2022},
  publisher={ACM New York, NY}
}

@article{wu2022fedctr,
  title={FedCTR: Federated Native Ad CTR Prediction with Cross Platform User Behavior Data},
  author={Wu, Chuhan and Wu, Fangzhao and Lyu, Lingjuan and Huang, Yongfeng and Xie, Xing},
  journal={ACM Transactions on Intelligent Systems and Technology (TIST)},
  year={2022},
  publisher={ACM New York, NY}
}

@article{wu2022fedattack,
  title={FedAttack: Effective and Covert Poisoning Attack on Federated Recommendation via Hard Sampling},
  author={Wu, Chuhan and Wu, Fangzhao and Qi, Tao and Huang, Yongfeng and Xie, Xing},
  journal={arXiv preprint arXiv:2202.04975},
  year={2022}
}

@article{hu2021differentially,
  title={Differentially private locality sensitive hashing based federated recommender system},
  author={Hu, Hongsheng and Dobbie, Gillian and Salcic, Zoran and Liu, Meng and Zhang, Jianbing and Lyu, Lingjuan and Zhang, Xuyun},
  journal={Concurrency and Computation: Practice and Experience},
  pages={e6233},
  year={2021},
  publisher={Wiley Online Library}
}

@article{wang2022fast,
  title={Fast-adapting and privacy-preserving federated recommender system},
  author={Wang, Qinyong and Yin, Hongzhi and Chen, Tong and Yu, Junliang and Zhou, Alexander and Zhang, Xiangliang},
  journal={The VLDB Journal},
  volume={31},
  number={5},
  pages={877--896},
  year={2022},
  publisher={Springer}
}

@inproceedings{he2015trirank,
  title={Trirank: Review-aware explainable recommendation by modeling aspects},
  author={He, Xiangnan and Chen, Tao and Kan, Min-Yen and Chen, Xiao},
  booktitle={Proceedings of the 24th ACM international on conference on information and knowledge management},
  pages={1661--1670},
  year={2015}
}


@inproceedings{
anonymous2023dual,
title={Dual personalization for federated recommendation on devices},
author={Anonymous},
booktitle={Submitted to The Eleventh International Conference on Learning Representations },
year={2023},
url={https://openreview.net/forum?id=8VvQ4SpvZVi},
note={under review}
}

@article{zhangdual,
  title={Dual Personalization on Federated Recommendation},
  author={Zhang, Chunxu and Long, Guodong and Zhou, Tianyi and Yan, Peng and Zhang, Zijian and Zhang, Chengqi and Yang, Bo},
  journal={arXiv preprint arXiv:2301.08143},
  year={2023}
}

@article{chen2019federated,
  title={Federated learning of out-of-vocabulary words},
  author={Chen, Mingqing and Mathews, Rajiv and Ouyang, Tom and Beaufays, Fran{\c{c}}oise},
  journal={arXiv preprint arXiv:1903.10635},
  year={2019}
}

@article{hard2018federated,
  title={Federated learning for mobile keyboard prediction},
  author={Hard, Andrew and Rao, Kanishka and Mathews, Rajiv and Ramaswamy, Swaroop and Beaufays, Fran{\c{c}}oise and Augenstein, Sean and Eichner, Hubert and Kiddon, Chlo{\'e} and Ramage, Daniel},
  journal={arXiv preprint arXiv:1811.03604},
  year={2018}
}

@inproceedings{liu2020fedvision,
  title={Fedvision: An online visual object detection platform powered by federated learning},
  author={Liu, Yang and Huang, Anbu and Luo, Yun and Huang, He and Liu, Youzhi and Chen, Yuanyuan and Feng, Lican and Chen, Tianjian and Yu, Han and Yang, Qiang},
  booktitle={Proceedings of the AAAI Conference on Artificial Intelligence},
  volume={34},
  number={08},
  pages={13172--13179},
  year={2020}
}

@article{zhang2021survey,
  title={A survey on federated learning},
  author={Zhang, Chen and Xie, Yu and Bai, Hang and Yu, Bin and Li, Weihong and Gao, Yuan},
  journal={Knowledge-Based Systems},
  volume={216},
  pages={106775},
  year={2021},
  publisher={Elsevier}
}

@article{tan2022towards,
  title={Towards personalized federated learning},
  author={Tan, Alysa Ziying and Yu, Han and Cui, Lizhen and Yang, Qiang},
  journal={IEEE Transactions on Neural Networks and Learning Systems},
  year={2022},
  publisher={IEEE}
}

@inproceedings{collins2021exploiting,
  title={Exploiting shared representations for personalized federated learning},
  author={Collins, Liam and Hassani, Hamed and Mokhtari, Aryan and Shakkottai, Sanjay},
  booktitle={International Conference on Machine Learning},
  pages={2089--2099},
  year={2021},
  organization={PMLR}
}

@incollection{lyu2020collaborative,
  title={Collaborative fairness in federated learning},
  author={Lyu, Lingjuan and Xu, Xinyi and Wang, Qian and Yu, Han},
  booktitle={Federated Learning},
  pages={189--204},
  year={2020},
  publisher={Springer}
}

@article{chen2020robust,
  title={Robust federated recommendation system},
  author={Chen, Chen and Zhang, Jingfeng and Tung, Anthony KH and Kankanhalli, Mohan and Chen, Gang},
  journal={arXiv preprint arXiv:2006.08259},
  year={2020}
}

@article{wang2020attack,
  title={Attack of the tails: Yes, you really can backdoor federated learning},
  author={Wang, Hongyi and Sreenivasan, Kartik and Rajput, Shashank and Vishwakarma, Harit and Agarwal, Saurabh and Sohn, Jy-yong and Lee, Kangwook and Papailiopoulos, Dimitris},
  journal={Advances in Neural Information Processing Systems},
  volume={33},
  pages={16070--16084},
  year={2020}
}

@article{zhou2021deep,
  title={Deep model poisoning attack on federated learning},
  author={Zhou, Xingchen and Xu, Ming and Wu, Yiming and Zheng, Ning},
  journal={Future Internet},
  volume={13},
  number={3},
  pages={73},
  year={2021},
  publisher={MDPI}
}

@article{arivazhagan2019federated,
  title={Federated learning with personalization layers},
  author={Arivazhagan, Manoj Ghuhan and Aggarwal, Vinay and Singh, Aaditya Kumar and Choudhary, Sunav},
  journal={arXiv preprint arXiv:1912.00818},
  year={2019}
}


@article{sun2022survey,
  title={A Survey on Federated Recommendation Systems},
  author={Sun, Zehua and Xu, Yonghui and Liu, Yong and He, Wei and Jiang, Yali and Wu, Fangzhao and Cui, Lizhen},
  journal={arXiv preprint arXiv:2301.00767},
  year={2022}
}

@article{zhou2019privacy,
  title={A privacy-preserving distributed contextual federated online learning framework with big data support in social recommender systems},
  author={Zhou, Pan and Wang, Kehao and Guo, Linke and Gong, Shimin and Zheng, Bolong},
  journal={IEEE Transactions on Knowledge and Data Engineering},
  volume={33},
  number={3},
  pages={824--838},
  year={2019},
  publisher={IEEE}
}

@inproceedings{abadi2016deep,
  title={Deep learning with differential privacy},
  author={Abadi, Martin and Chu, Andy and Goodfellow, Ian and McMahan, H Brendan and Mironov, Ilya and Talwar, Kunal and Zhang, Li},
  booktitle={Proceedings of the 2016 ACM SIGSAC conference on computer and communications security},
  pages={308--318},
  year={2016}
}

@inproceedings{tan2020federated,
  title={A federated recommender system for online services},
  author={Tan, Ben and Liu, Bo and Zheng, Vincent and Yang, Qiang},
  booktitle={Fourteenth ACM Conference on Recommender Systems},
  pages={579--581},
  year={2020}
}

@article{van2008visualizing,
  title={Visualizing data using t-SNE.},
  author={Van der Maaten, Laurens and Hinton, Geoffrey},
  journal={Journal of machine learning research},
  volume={9},
  number={11},
  year={2008}
}

@inproceedings{
Tenrec,
title={Tenrec: A Large-scale Multipurpose Benchmark Dataset for Recommender Systems},
author={Guanghu Yuan and Fajie Yuan and Yudong Li and Beibei Kong and Shujie Li and Lei Chen and Min Yang and Chenyun YU and Bo Hu and Zang Li and Yu Xu and Xiaohu Qie},
booktitle={Thirty-sixth Conference on Neural Information Processing Systems Datasets and Benchmarks Track},
year={2022},
url={https://openreview.net/forum?id=PfuW84q25y9}
}

@article{opacus,
  title={Opacus: {U}ser-Friendly Differential Privacy Library in {PyTorch}},
  author={Ashkan Yousefpour and Igor Shilov and Alexandre Sablayrolles and Davide Testuggine and Karthik Prasad and Mani Malek and John Nguyen and Sayan Ghosh and Akash Bharadwaj and Jessica Zhao and Graham Cormode and Ilya Mironov},
  journal={arXiv preprint arXiv:2109.12298},
  year={2021}
}

@article{paszke2019pytorch,
  title={Pytorch: An imperative style, high-performance deep learning library},
  author={Paszke, Adam and Gross, Sam and Massa, Francisco and Lerer, Adam and Bradbury, James and Chanan, Gregory and Killeen, Trevor and Lin, Zeming and Gimelshein, Natalia and Antiga, Luca and others},
  journal={Advances in neural information processing systems},
  volume={32},
  year={2019}
}

@article{yousefpour2021opacus,
  title={Opacus: User-friendly differential privacy library in PyTorch},
  author={Yousefpour, Ashkan and Shilov, Igor and Sablayrolles, Alexandre and Testuggine, Davide and Prasad, Karthik and Malek, Mani and Nguyen, John and Ghosh, Sayan and Bharadwaj, Akash and Zhao, Jessica and others},
  journal={arXiv preprint arXiv:2109.12298},
  year={2021}
}

@inproceedings{minto2021stronger,
  title={Stronger privacy for federated collaborative filtering with implicit feedback},
  author={Minto, Lorenzo and Haller, Moritz and Livshits, Benjamin and Haddadi, Hamed},
  booktitle={Proceedings of the 15th ACM Conference on Recommender Systems},
  pages={342--350},
  year={2021}
}

@inproceedings{dwork2006calibrating,
  title={Calibrating noise to sensitivity in private data analysis},
  author={Dwork, Cynthia and McSherry, Frank and Nissim, Kobbi and Smith, Adam},
  booktitle={Theory of Cryptography: Third Theory of Cryptography Conference, TCC 2006, New York, NY, USA, March 4-7, 2006. Proceedings 3},
  pages={265--284},
  year={2006},
  organization={Springer}
}

@article{mcmahan2018general,
  title={A general approach to adding differential privacy to iterative training procedures},
  author={McMahan, H Brendan and Andrew, Galen and Erlingsson, Ulfar and Chien, Steve and Mironov, Ilya and Papernot, Nicolas and Kairouz, Peter},
  journal={arXiv preprint arXiv:1812.06210},
  year={2018}
}


@article{luo2023perfedrec++,
  title={PerFedRec++: Enhancing Personalized Federated Recommendation with Self-Supervised Pre-Training},
  author={Luo, Sichun and Xiao, Yuanzhang and Zhang, Xinyi and Liu, Yang and Ding, Wenbo and Song, Linqi},
  journal={arXiv preprint arXiv:2305.06622},
  year={2023}
}


@article{zhang2023lightfr,
  title={LightFR: Lightweight federated recommendation with privacy-preserving matrix factorization},
  author={Zhang, Honglei and Luo, Fangyuan and Wu, Jun and He, Xiangnan and Li, Yidong},
  journal={ACM Transactions on Information Systems},
  volume={41},
  number={4},
  pages={1--28},
  year={2023},
  publisher={ACM New York, NY}
}
