@incollection{Bengio+chapter2007,
author = {Bengio, Yoshua and LeCun, Yann},
booktitle = {Large Scale Kernel Machines},
publisher = {MIT Press},
title = {Scaling Learning Algorithms Towards {AI}},
year = {2007}
}

@article{Hinton06,
author = {Hinton, Geoffrey E. and Osindero, Simon and Teh, Yee Whye},
journal = {Neural Computation},
pages = {1527--1554},
title = {A Fast Learning Algorithm for Deep Belief Nets},
volume = {18},
year = {2006}
}

@book{goodfellow2016deep,
title={Deep learning},
author={Goodfellow, Ian and Bengio, Yoshua and Courville, Aaron and Bengio, Yoshua},
volume={1},
year={2016},
publisher={MIT Press}
}

@article{eggenberger_uber_1923,
	title = {Über die {Statistik} verketteter {Vorgänge}},
	volume = {3},
	number = {4},
	journal = {ZAMM - Zeitschrift für Angewandte Mathematik und Mechanik},
	author = {Eggenberger, F. and Pólya, G.},
	year = {1923},
}


@article{zhang_determining_2020,
	title = {Determining sequencing depth in a single-cell {RNA}-seq experiment},
	volume = {11},
	language = {en},
	number = {1},
	journal = {Nature Communications},
	author = {Zhang, Martin Jinye and Ntranos, Vasilis and Tse, David},
	year = {2020},
}

@article{kuo_quantification_2022,
	title = {Quantification and statistical modeling of droplet-based single-nucleus {RNA}-sequencing data},
	journal = {Biostatistics},
	author = {Kuo, Albert and Hansen, Kasper D and Hicks, Stephanie C},
	month = may,
	year = {2023},
}


@inproceedings{sutter_learning_2022,
	title = {Learning {Group} {Importance} using the {Differentiable} {Hypergeometric} {Distribution}},
	author = {Sutter, Thomas M. and Manduchi, Laura and Ryser, Alain and Vogt, Julia E.},
	year = {2022},
}

@inproceedings{liang_variational_2018,
author = {Liang, Dawen and Krishnan, Rahul G. and Hoffman, Matthew D. and Jebara, Tony},
title = {Variational Autoencoders for Collaborative Filtering},
year = {2018},
booktitle = {Proceedings of the 2018 World Wide Web Conference},
pages = {689–698},
numpages = {10},
location = {Lyon, France},
}

@article{oberhofer_maximum_1987,
	title = {Maximum {Likelihood} {Estimation} of a {Multivariate} {Hypergeometric} {Distribution}},
	volume = {49},
	number = {2},
	journal = {Sankhyā: The Indian Journal of Statistics, Series B (1960-2002)},
	author = {Oberhofer, Walter and Kaufmann, Heinz},
	year = {1987},
}

@inproceedings{
    sutter_continuous_2022,
    title={Learning Group Importance using the Differentiable Hypergeometric Distribution},
    author={Thomas M. Sutter and Laura Manduchi and Alain Ryser and Julia E Vogt},
    booktitle={The Eleventh International Conference on Learning Representations },
    year={2023},
}

@inproceedings{waudby-smith_confidence_2020,
	title = {Confidence sequences for sampling without replacement},
	volume = {33},
	booktitle = {Advances in {Neural} {Information} {Processing} {Systems}},
	author = {Waudby-Smith, Ian and Ramdas, Aaditya},
	year = {2020},
}

@book{Moivre1711,
author = {Moivre, Abraham},
language = {lat},
location = {London},
title = {De mensura sortis, seu, de probabilitate eventuum in ludis a casu fortuito pendentibus},
year = {1711},
}

@article{ziegenhain_molecular_2022,
	title = {Molecular spikes: a gold standard for single-cell {RNA} counting},
	volume = {19},
	journal = {Nature Methods},
	author = {Ziegenhain, Christoph and Hendriks, Gert-Jan and Hagemann-Jensen, Michael and Sandberg, Rickard},
	year = {2022},
}

@article{kingma_auto-encoding_2014,
      title={Auto-Encoding Variational Bayes}, 
      author={Diederik P Kingma and Max Welling},
      year={2014},
      eprint={1312.6114},
    journal={arXiv preprint},
      archivePrefix={arXiv},
      primaryClass={stat.ML}
}

@article{capture-recapture-1958,
 author = {J. N. Darroch},
 journal = {Biometrika},
 title = {The Multiple-Recapture Census: I. Estimation of a Closed Population},
 year = {1958}
}

@inproceedings{
    awasthi2021benefits,
    title={On the benefits of maximum likelihood estimation for Regression and Forecasting},
    author={Pranjal Awasthi and Abhimanyu Das and Rajat Sen and Ananda Theertha Suresh},
    booktitle={International Conference on Learning Representations},
    year={2022},
}

@article{lda_blei_2003,
  title={Latent dirichlet allocation},
  author={Blei, David M and Ng, Andrew Y and Jordan, Michael I},
  journal={Journal of machine Learning research},
  volume={3},
  number={Jan},
  pages={993--1022},
  year={2003}
}


@article{tohma_estimation_1991,
	title = {The {Estimation} of {Parameters} of the {Hypergeometric} {Distribution} and {Its} {Application} to the {Software} {Reliability} {Growth} {Model}},
	volume = {17},
	number = {5},
	urldate = {2023-09-26},
	journal = {IEEE Transactions on Software Engineering},
	author = {Tohma, Y. and Yamano, H. and Ohba, M. and Jacoby, R.},
	month = may,
	year = {1991},
}


@article{lopez_deep_2018,
	title = {Deep generative modeling for single-cell transcriptomics},
	volume = {15},
	language = {en},
	number = {12},
	journal = {Nature Methods},
	author = {Lopez, Romain and Regier, Jeffrey and Cole, Michael B. and Jordan, Michael I. and Yosef, Nir},
	month = dec,
	year = {2018},
}

@inproceedings{santos2009use,
  title={On the use of the adjusted rand index as a metric for evaluating supervised classification},
  author={Santos, Jorge M and Embrechts, Mark},
  booktitle={International conference on artificial neural networks},
  pages={175--184},
  year={2009},
  organization={Springer}
}

@inproceedings{choi2022advances,
  title={Advances in Readability Research: A New Readability Web App for English},
  author={Choi, Joon Suh and Crossley, Scott A},
  booktitle={2022 International Conference on Advanced Learning Technologies (ICALT)},
  pages={1--5},
  year={2022},
  organization={IEEE}
}

@article{crossley2023large,
  title={A large-scaled corpus for assessing text readability},
  author={Crossley, Scott and Heintz, Aron and Choi, Joon Suh and Batchelor, Jordan and Karimi, Mehrnoush and Malatinszky, Agnes},
  journal={Behavior Research Methods},
  volume={55},
  number={2},
  pages={491--507},
  year={2023},
  publisher={Springer}
}

@article{zhao2021learning,
  title={Learning interpretable cellular and gene signature embeddings from single-cell transcriptomic data},
  author={Zhao, Yifan and Cai, Huiyu and Zhang, Zuobai and Tang, Jian and Li, Yue},
  journal={Nature communications},
  volume={12},
  number={1},
  pages={5261},
  year={2021},
  publisher={Nature Publishing Group UK London}
}

@article{inouye2017review,
  title={A review of multivariate distributions for count data derived from the Poisson distribution},
  author={Inouye, David I and Yang, Eunho and Allen, Genevera I and Ravikumar, Pradeep},
  journal={Wiley Interdisciplinary Reviews: Computational Statistics},
  volume={9},
  number={3},
  pages={e1398},
  year={2017},
  publisher={Wiley Online Library}
}

@article{lambert1992zero,
  title={Zero-inflated Poisson regression, with an application to defects in manufacturing},
  author={Lambert, Diane},
  journal={Technometrics},
  volume={34},
  number={1},
  pages={1--14},
  year={1992},
  publisher={Taylor \& Francis}
}

@book{bertsekas2014constrained,
  title={Constrained optimization and Lagrange multiplier methods},
  author={Bertsekas, Dimitri P},
  year={2014},
  publisher={Academic press}
}

@article{morton2019establishing,
  title={Establishing microbial composition measurement standards with reference frames},
  author={Morton, James T and Marotz, Clarisse and Washburne, Alex and Silverman, Justin and Zaramela, Livia S and Edlund, Anna and Zengler, Karsten and Knight, Rob},
  journal={Nature communications},
  volume={10},
  number={1},
  pages={2719},
  year={2019},
  publisher={Nature Publishing Group UK London}
}

@article{morton2019learning,
  title={Learning representations of microbe--metabolite interactions},
  author={Morton, James T and Aksenov, Alexander A and Nothias, Louis Felix and Foulds, James R and Quinn, Robert A and Badri, Michelle H and Swenson, Tami L and Van Goethem, Marc W and Northen, Trent R and Vazquez-Baeza, Yoshiki and others},
  journal={Nature methods},
  volume={16},
  number={12},
  pages={1306--1314},
  year={2019},
  publisher={Nature Publishing Group US New York}
}

@article{van2013deep,
  title={Deep content-based music recommendation},
  author={Van den Oord, Aaron and Dieleman, Sander and Schrauwen, Benjamin},
  journal={Advances in neural information processing systems},
  volume={26},
  year={2013}
}

@inproceedings{faggioli2020recency,
  title={Recency aware collaborative filtering for next basket recommendation},
  author={Faggioli, Guglielmo and Polato, Mirko and Aiolli, Fabio},
  booktitle={Proceedings of the 28th ACM Conference on User Modeling, Adaptation and Personalization},
  pages={80--87},
  year={2020}
}

@book{goldberg2022neural,
  title={Neural network methods for natural language processing},
  author={Goldberg, Yoav},
  year={2022},
  publisher={Springer Nature}
}

@article{depatta1998sampling,
  title={Sampling sufficiency in ecological surveys},
  author={DePatta Pillar, V},
  journal={Abstracta Botanica},
  pages={37--48},
  year={1998},
  publisher={JSTOR}
}

@article{svensson2018exponential,
  title={Exponential scaling of single-cell RNA-seq in the past decade},
  author={Svensson, Valentine and Vento-Tormo, Roser and Teichmann, Sarah A},
  journal={Nature protocols},
  volume={13},
  number={4},
  pages={599--604},
  year={2018},
  publisher={Nature Publishing Group}
}

@book{holmes2018modern,
  title={Modern statistics for modern biology},
  author={Holmes, Susan Huber and Huber, Wolfgang},
  year={2018},
  publisher={Cambridge university press}
}

@article{feuerverger2012statistical,
  title={Statistical significance of the Netflix challenge},
  author={Feuerverger, Andrey and He, Yu and Khatri, Shashi},
  year={2012}
}

@article{vayansky2020review,
  title={A review of topic modeling methods},
  author={Vayansky, Ike and Kumar, Sathish AP},
  journal={Information Systems},
  volume={94},
  pages={101582},
  year={2020},
  publisher={Elsevier}
}

@article{gronbech2020scvae,
  title={scVAE: variational auto-encoders for single-cell gene expression data},
  author={Gr{\o}nbech, Christopher Heje and Vording, Maximillian Fornitz and Timshel, Pascal N and S{\o}nderby, Casper Kaae and Pers, Tune H and Winther, Ole},
  journal={Bioinformatics},
  volume={36},
  number={16},
  pages={4415--4422},
  year={2020},
  publisher={Oxford University Press}
}

@article{lim2020deep,
  title={Deep clustering with variational autoencoder},
  author={Lim, Kart-Leong and Jiang, Xudong and Yi, Chenyu},
  journal={IEEE Signal Processing Letters},
  volume={27},
  pages={231--235},
  year={2020},
  publisher={IEEE}
}

@article{bouguila2010count,
  title={Count data modeling and classification using finite mixtures of distributions},
  author={Bouguila, Nizar},
  journal={IEEE Transactions on Neural Networks},
  volume={22},
  number={2},
  pages={186--198},
  year={2010},
  publisher={IEEE}
}

@inproceedings{sarti2021looks,
  title={That looks hard: Characterizing linguistic complexity in humans and language models},
  author={Sarti, Gabriele and Brunato, Dominique and Dell’Orletta, Felice},
  booktitle={Proceedings of the Workshop on Cognitive Modeling and Computational Linguistics},
  pages={48--60},
  year={2021}
}

@article{bradley1952rank,
  title={Rank analysis of incomplete block designs: I. The method of paired comparisons},
  author={Bradley, Ralph Allan and Terry, Milton E},
  journal={Biometrika},
  volume={39},
  number={3/4},
  pages={324--345},
  year={1952},
  publisher={JSTOR}
}

@article{de2019chromium,
  title={Chromium 10x single-cell 3 mRNA sequencing of tumor-infiltrating lymphocytes},
  author={De Simone, Marco and Rossetti, Grazisa and Pagani, Massimiliano},
  journal={Single Cell Methods: Sequencing and Proteomics},
  pages={87--110},
  year={2019},
  publisher={Springer}
}

@article{shapiro2013single,
  title={Single-cell sequencing-based technologies will revolutionize whole-organism science},
  author={Shapiro, Ehud and Biezuner, Tamir and Linnarsson, Sten},
  journal={Nature Reviews Genetics},
  volume={14},
  number={9},
  pages={618--630},
  year={2013},
  publisher={Nature Publishing Group UK London}
}