@inproceedings{qi2017pointnet,
  title={Pointnet: Deep learning on point sets for 3d classification and segmentation},
  author={Qi, Charles R and Su, Hao and Mo, Kaichun and Guibas, Leonidas J},
  booktitle={CVPR},
  pages={652--660},
  year={2017}
}

@inproceedings{qi2017pointnet++,
  title={Pointnet++: Deep hierarchical feature learning on point sets in a metric space},
  author={Qi, Charles Ruizhongtai and Yi, Li and Su, Hao and Guibas, Leonidas J},
  booktitle={NeurIPS},
  pages={5099--5108},
  year={2017}
}

@article{yang2019adversarial,
  title={Adversarial attack and defense on point sets},
  author={Yang, Jiancheng and Zhang, Qiang and Fang, Rongyao and Ni, Bingbing and Liu, Jinxian and Tian, Qi},
  journal={arXiv preprint arXiv:1902.10899},
  year={2019}
}

@inproceedings{dovrat2019learning,
  title={Learning to Sample},
  author={Dovrat, Oren and Lang, Itai and Avidan, Shai},
  booktitle={CVPR},
  pages={2760--2769},
  year={2019}
}

@inproceedings{liu2019relation,
  title={Relation-Shape Convolutional Neural Network for Point Cloud Analysis},
  author={Liu, Yongcheng and Fan, Bin and Xiang, Shiming and Pan, Chunhong},
  booktitle={CVPR},
  pages={8895--8904},
  year={2019}
}

@inproceedings{duan2019structural,
  title={Structural Relational Reasoning of Point Clouds},
  author={Duan, Yueqi and Zheng, Yu and Lu, Jiwen and Zhou, Jie and Tian, Qi},
  booktitle={CVPR},
  pages={949--958},
  year={2019}
}

@inproceedings{shi2018pointrcnn,
  title={Pointrcnn: 3d object proposal generation and detection from point cloud},
  author={Shi, Shaoshuai and Wang, Xiaogang and Li, Hongsheng},
  booktitle={CVPR},
  pages={770--779},
  year={2019}
}

@inproceedings{zeng2019stereo,
  title={Triangulation Learning Network: From Monocular to Stereo 3D Object Detection},
  author={Zengyi Qin and Jinglu Wang and Yan Lu},
  booktitle={CVPR},
  pages={11867--11876},
  year={2019}
}

@inproceedings{ku2019monocular,
  title={Monocular 3D Object Detection Leveraging Accurate Proposals and Shape Reconstruction},
  author={Ku, Jason and Pon, Alex D and Waslander, Steven L},
  booktitle={CVPR},
  pages={11867--11876},
  year={2019}
}

@article{yan2018second,
  title={Second: Sparsely embedded convolutional detection},
  author={Yan, Yan and Mao, Yuxing and Li, Bo},
  journal={Sensors},
  volume={18},
  number={10},
  pages={3337},
  year={2018},
  publisher={Multidisciplinary Digital Publishing Institute}
}

@InProceedings{Qi_2019_ICCV,
author = {Qi, Charles R. and Litany, Or and He, Kaiming and Guibas, Leonidas J.},
title = {Deep Hough Voting for 3D Object Detection in Point Clouds},
booktitle = {ICCV},
pages={9277--9286},
year = {2019}
}

@inproceedings{tang2018deep,
  title={Deep progressive reinforcement learning for skeleton-based action recognition},
  author={Tang, Yansong and Tian, Yi and Lu, Jiwen and Li, Peiyang and Zhou, Jie},
  booktitle={CVPR},
  pages={5323--5332},
  year={2018}
}

@inproceedings{wu20153d,
  title={3d shapenets: A deep representation for volumetric shapes},
  author={Wu, Zhirong and Song, Shuran and Khosla, Aditya and Yu, Fisher and Zhang, Linguang and Tang, Xiaoou and Xiao, Jianxiong},
  booktitle={CVPR},
  pages={1912--1920},
  year={2015}
}

@inproceedings{armeni20163d,
  title={3d semantic parsing of large-scale indoor spaces},
  author={Armeni, Iro and Sener, Ozan and Zamir, Amir R and Jiang, Helen and Brilakis, Ioannis and Fischer, Martin and Savarese, Silvio},
  booktitle={ICCV},
  pages={1534--1543},
  year={2016}
}

@article{chang2015shapenet,
  title={Shapenet: An information-rich 3d model repository},
  author={Chang, Angel X and Funkhouser, Thomas and Guibas, Leonidas and Hanrahan, Pat and Huang, Qixing and Li, Zimo and Savarese, Silvio and Savva, Manolis and Song, Shuran and Su, Hao and others},
  journal={arXiv preprint arXiv:1512.03012},
  year={2015}
}

@inproceedings{sutton2000policy,
  title={Policy gradient methods for reinforcement learning with function approximation},
  author={Sutton, Richard S and McAllester, David A and Singh, Satinder P and Mansour, Yishay},
  booktitle={NeurIPS},
  pages={1057--1063},
  year={2000}
}

@article{remelli2019neuralsampler,
  title={NeuralSampler: Euclidean Point Cloud Auto-Encoder and Sampler},
  author={Remelli, Edoardo and Baque, Pierre and Fua, Pascal},
  journal={arXiv preprint arXiv:1901.09394},
  year={2019}
}

@article{nezhadarya2019adaptive,
  title={Adaptive Hierarchical Down-Sampling for Point Cloud Classification},
  author={Nezhadarya, Ehsan and Taghavi, Ehsan and Liu, Bingbing and Luo, Jun},
  journal={arXiv preprint arXiv:1904.08506},
  year={2019}
}

@article{mnih2015human,
  title={Human-level control through deep reinforcement learning},
  author={Mnih, Volodymyr and Kavukcuoglu, Koray and Silver, David and Rusu, Andrei A and Veness, Joel and Bellemare, Marc G and Graves, Alex and Riedmiller, Martin and Fidjeland, Andreas K and Ostrovski, Georg and others},
  journal={Nature},
  volume={518},
  number={7540},
  pages={529},
  year={2015}
}

@inproceedings{yun2017action,
  title={Action-decision networks for visual tracking with deep reinforcement learning},
  author={Yun, Sangdoo and Choi, Jongwon and Yoo, Youngjoon and Yun, Kimin and Young Choi, Jin},
  booktitle={CVPR},
  pages={2711--2720},
  year={2017}
}

@inproceedings{ren2018deep,
  title={Deep reinforcement learning with iterative shift for visual tracking},
  author={Ren, Liangliang and Yuan, Xin and Lu, Jiwen and Yang, Ming and Zhou, Jie},
  booktitle={ECCV},
  pages={684--700},
  year={2018}
}

@inproceedings{mathe2016reinforcement,
  title={Reinforcement learning for visual object detection},
  author={Mathe, Stefan and Pirinen, Aleksis and Sminchisescu, Cristian},
  booktitle={CVPR},
  pages={2894--2902},
  year={2016}
}
@inproceedings{schaul2016replay,
  title={Prioritized experience replay},
  author={Schaul, Tom and Quan, John and Antonoglou, Ioannis and Silver, David},
  booktitle={ICLR},
  year={2016}
}

@inproceedings{van2016deep,
  title={Deep reinforcement learning with double q-learning},
  author={Van Hasselt, Hado and Guez, Arthur and Silver, David},
  booktitle={AAAI},
  pages={2094--2100},
  year={2016}
}

@inproceedings{rao2018learning,
  title={Learning globally optimized object detector via policy gradient},
  author={Rao, Yongming and Lin, Dahua and Lu, Jiwen and Zhou, Jie},
  booktitle={CVPR},
  pages={6190--6198},
  year={2018}
}

@inproceedings{wang2015dueling,
  title={Dueling network architectures for deep reinforcement learning},
  author={Wang, Ziyu and Schaul, Tom and Hessel, Matteo and Van Hasselt, Hado and Lanctot, Marc and De Freitas, Nando},
  booktitle={ICML},
  year={2015}
}

@inproceedings{han2018reinforcement,
  title={Reinforcement cutting-agent learning for video object segmentation},
  author={Han, Junwei and Yang, Le and Zhang, Dingwen and Chang, Xiaojun and Liang, Xiaodan},
  booktitle={CVPR},
  pages={9080--9089},
  year={2018}
}

@article{quillen2018deep,
  title={Deep Reinforcement Learning for Vision-Based Robotic Grasping: A Simulated Comparative Evaluation of Off-Policy Methods},
  author={Quillen, Deirdre and Jang, Eric and Nachum, Ofir and Finn, Chelsea and Ibarz, Julian and Levine, Sergey},
  journal={ICRA},
  pages={6284--6291},
  year={2018}
}

@inproceedings{zhu2017target,
  title={Target-driven visual navigation in indoor scenes using deep reinforcement learning},
  author={Zhu, Yuke and Mottaghi, Roozbeh and Kolve, Eric and Lim, Joseph J and Gupta, Abhinav and Fei-Fei, Li and Farhadi, Ali},
  booktitle={ICRA},
  pages={3357--3364},
  year={2017}
}

@inproceedings{sarmad2019rl,
  title={RL-GAN-Net: A Reinforcement Learning Agent Controlled GAN Network for Real-Time Point Cloud Shape Completion},
  author={Sarmad, Muhammad and Lee, Hyunjoo Jenny and Kim, Young Min},
  booktitle={CVPR},
  pages={5898--5907},
  year={2019}
}

@inproceedings{han2019deep,
  title={Deep Reinforcement Learning of Volume-guided Progressive View Inpainting for 3D Point Scene Completion from a Single Depth Image},
  author={Han, Xiaoguang and Zhang, Zhaoxuan and Du, Dong and Yang, Mingdai and Yu, Jingming and Pan, Pan and Yang, Xin and Liu, Ligang and Xiong, Zixiang and Cui, Shuguang},
  booktitle={CVPR},
  pages={234--243},
  year={2019}
}

@inproceedings{li2003empty,
  title={Empty space skipping and occlusion clipping for texture-based volume rendering},
  author={Li, Wei and Mueller, Klaus and Kaufman, Arie},
  booktitle={VIS},
  pages={317--324},
  year={2003}
}

@inproceedings{huang2018recurrent,
  title={Recurrent slice networks for 3d segmentation of point clouds},
  author={Huang, Qiangui and Wang, Weiyue and Neumann, Ulrich},
  booktitle={CVPR},
  pages={2626--2635},
  year={2018}
}

@inproceedings{yang2019learning,
  title={Learning object bounding boxes for 3d instance segmentation on point clouds},
  author={Yang, Bo and Wang, Jianan and Clark, Ronald and Hu, Qingyong and Wang, Sen and Markham, Andrew and Trigoni, Niki},
  booktitle={NeurIPS},
  pages={6737--6746},
  year={2019}
}

@inproceedings{liu20173dcnn,
  title={3DCNN-DQN-RNN: A deep reinforcement learning framework for semantic parsing of large-scale 3D point clouds},
  author={Liu, Fangyu and Li, Shuaipeng and Zhang, Liqiang and Zhou, Chenghu and Ye, Rongtian and Wang, Yuebin and Lu, Jiwen},
  booktitle={ICCV},
  pages={5678--5687},
  year={2017}
}

@inproceedings{qi2016volumetric,
  title={Volumetric and multi-view cnns for object classification on 3d data},
  author={Qi, Charles R and Su, Hao and Nie{\ss}ner, Matthias and Dai, Angela and Yan, Mengyuan and Guibas, Leonidas J},
  booktitle={CVPR},
  pages={5648--5656},
  year={2016}
}

@inproceedings{zhao2019pointweb,
  title={PointWeb: Enhancing Local Neighborhood Features for Point Cloud Processing},
  author={Zhao, Hengshuang and Jiang, Li and Fu, Chi-Wing and Jia, Jiaya},
  booktitle={CVPR},
  pages={5565--5573},
  year={2019}
}

@inproceedings{komarichev2019cnn,
  title={A-CNN: Annularly Convolutional Neural Networks on Point Clouds},
  author={Komarichev, Artem and Zhong, Zichun and Hua, Jing},
  booktitle={CVPR},
  pages={7421--7430},
  year={2019}
}

@article{eldar1997farthest,
  title={The farthest point strategy for progressive image sampling},
  author={Eldar, Yuval and Lindenbaum, Michael and Porat, Moshe and Zeevi, Yehoshua Y},
  journal={TIP},
  volume={6},
  number={9},
  pages={1305--1315},
  year={1997}
}

@techreport{moenning2003fast,
  title={Fast marching farthest point sampling},
  author={Moenning, Carsten and Dodgson, Neil A},
  year={2003},
  institution={University of Cambridge, Computer Laboratory}
}

@inproceedings{yu2015multi,
  title={Multi-scale context aggregation by dilated convolutions},
  author={Yu, Fisher and Koltun, Vladlen},
  booktitle={ICLR},
  year={2016}
}

@INPROCEEDINGS{1183771,
author={M. {Pauly} and M. {Gross} and L. P. {Kobbelt}},
booktitle={IEEE VIS 2002.},
title={Efficient simplification of point-sampled surfaces},
year={2002},
volume={},
number={},
pages={163-170},
}

@inproceedings{Pauly:2001:SPP:383259.383301,
 author = {Pauly, Mark and Gross, Markus},
 title = {Spectral Processing of Point-sampled Geometry},
 booktitle = {SIGGRAPH},
 year = {2001},
 pages = {379--386},
} 

@InProceedings{Uy_2019_ICCV,
author = {Uy, Mikaela Angelina and Pham, Quang-Hieu and Hua, Binh-Son and Nguyen, Thanh and Yeung, Sai-Kit},
title = {Revisiting Point Cloud Classification: A New Benchmark Dataset and Classification Model on Real-World Data},
booktitle = {ICCV},
year = {2019},
pages = {1588--1597},
}

@inproceedings{zhou2018voxelnet,
  title={Voxelnet: End-to-end learning for point cloud based 3d object detection},
  author={Zhou, Yin and Tuzel, Oncel},
  booktitle={CVPR},
  pages={4490--4499},
  year={2018}
}

@inproceedings{rezatofighi2019generalized,
  title={Generalized intersection over union: A metric and a loss for bounding box regression},
  author={Rezatofighi, Hamid and Tsoi, Nathan and Gwak, JunYoung and Sadeghian, Amir and Reid, Ian and Savarese, Silvio},
  booktitle={CVPR},
  pages={658--666},
  year={2019}
}

@article{DBLP:journals/ral/YunTWL019,
  author    = {Peng Yun and
               Lei Tai and
               Yuan Wang and
               Chengju Liu and
               Ming Liu},
  title     = {Focal Loss in 3D Object Detection},
  journal   = {{IEEE} Robotics and Automation Letters (RA-L)},
  volume    = {4},
  number    = {2},
  pages     = {1263--1270},
  year      = {2019},
  url       = {https://doi.org/10.1109/LRA.2019.2894858},
  doi       = {10.1109/LRA.2019.2894858},
  timestamp = {Tue, 02 Apr 2019 10:38:21 +0200},
  biburl    = {https://dblp.org/rec/bib/journals/ral/YunTWL019},
  bibsource = {dblp computer science bibliography, https://dblp.org}
}

@inproceedings{babahajiani2013semantic,
  title={Semantic parsing of street scene images using 3d lidar point cloud},
  author={Babahajiani, Pouria and Fan, Lixin and Gabbouj, Moncef},
  booktitle={ICCVW},
  pages={714--721},
  year={2013}
}

@inproceedings{gualtieri2016high,
  title={High precision grasp pose detection in dense clutter},
  author={Gualtieri, Marcus and Ten Pas, Andreas and Saenko, Kate and Platt, Robert},
  booktitle={IROS)},
  pages={598--605},
  year={2016}
}

@inproceedings{lin2017focal,
  title={Focal loss for dense object detection},
  author={Lin, Tsung-Yi and Goyal, Priya and Girshick, Ross and He, Kaiming and Doll{\'a}r, Piotr},
  booktitle={ICCV},
  pages={2980--2988},
  year={2017}
}

@inproceedings{lang2018pointpillars,
  title={PointPillars: Fast encoders for object detection from point clouds},
  author={Lang, Alex H and Vora, Sourabh and Caesar, Holger and Zhou, Lubing and Yang, Jiong and Beijbom, Oscar},
  booktitle={CVPR},
  pages={12697--12705},
  year={2019}
}

@inproceedings{geiger2012we,
  title={Are we ready for autonomous driving? the kitti vision benchmark suite},
  author={Geiger, Andreas and Lenz, Philip and Urtasun, Raquel},
  booktitle={CVPR},
  pages={3354--3361},
  year={2012}
}

@inproceedings{hua2016scenenn,
  title={Scenenn: A scene meshes dataset with annotations},
  author={Hua, Binh-Son and Pham, Quang-Hieu and Nguyen, Duc Thanh and Tran, Minh-Khoi and Yu, Lap-Fai and Yeung, Sai-Kit},
  booktitle={3DV},
  pages={92--101},
  year={2016}
}

@inproceedings{dai2017scannet,
    title={ScanNet: Richly-annotated 3D Reconstructions of Indoor Scenes},
    author={Dai, Angela and Chang, Angel X. and Savva, Manolis and Halber, Maciej and Funkhouser, Thomas and Nie{\ss}ner, Matthias},
    booktitle = {CVPR},
    pages = {5828–-5839},
    year = {2017}
}

@InProceedings{m3drpn,
author = {Garrick Brazil and Xiaoming Liu},
title = {M3D-RPN: Monocular 3D Region Proposal Network for Object Detection},
booktitle = {ICCV},
pages = {9287--9296},
year = {2019}
}


@InProceedings{PAT_CVPR2019,
author = {Yang, Jiancheng and Zhang, Qiang and Ni, Bingbing and Li, Linguo and Liu, Jinxian and Zhou, Mengdie and Tian, Qi},
title = {Modeling Point Clouds With Self-Attention and Gumbel Subset Sampling},
booktitle = {CVPR},
pages = {3323--3332},
year = {2019}
}

@InProceedings{thomas2019kpconv,
  title={KPConv: Flexible and Deformable Convolution for Point Clouds},
  author={Thomas, Hugues and Qi, Charles R and Deschaud, Jean-Emmanuel and Marcotegui, Beatriz and Goulette, Fran{\c{c}}ois and Guibas, Leonidas J},
  booktitle = {ICCV},
  pages = {6411--6420},
  year={2019}
}

@inproceedings{li2018pointcnn,
  title={Pointcnn: Convolution on x-transformed points},
  author={Li, Yangyan and Bu, Rui and Sun, Mingchao and Wu, Wei and Di, Xinhan and Chen, Baoquan},
  booktitle={NeurIPS},
  pages={820--830},
  year={2018}
}

@inproceedings{zhang2019shellnet,
  title={Shellnet: Efficient point cloud convolutional neural networks using concentric shells statistics},
  author={Zhang, Zhiyuan and Hua, Binh-Son and Yeung, Sai-Kit},
  booktitle={ICCV},
  pages={1607--1616},
  year={2019}
}

@InProceedings{Wu_2019_pointconv,
author = {Wu, Wenxuan and Qi, Zhongang and Fuxin, Li},
title = {PointConv: Deep Convolutional Networks on 3D Point Clouds},
booktitle = {CVPR},
pages={9621--9630},
year = {2019}
}

@InProceedings{Shi_2019_CVPR,
author = {Shi, Shaoshuai and Wang, Xiaogang and Li, Hongsheng},
title = {PointRCNN: 3D Object Proposal Generation and Detection From Point Cloud},
booktitle = {CVPR},
pages={770--779},
year = {2019}
}

@InProceedings{Liu_2019_CVPR,
author = {Liu, Xingyu and Qi, Charles R. and Guibas, Leonidas J.},
title = {FlowNet3D: Learning Scene Flow in 3D Point Clouds},
booktitle = {CVPR},
pages={529--537},
year = {2019}
}

@InProceedings{Mousavian_2019_ICCV,
author = {Mousavian, Arsalan and Eppner, Clemens and Fox, Dieter},
title = {6-DOF GraspNet: Variational Grasp Generation for Object Manipulation},
booktitle = {ICCV},
pages={2901--2910},
year = {2019}
}


@InProceedings{densepoint_ICCV2019_Liu,
author = {Liu, Yongcheng and Fan, Bin and Meng, Gaofeng and Lu, Jiwen and Xiang, Shiming and Pan, Chunhong},
title = {DensePoint: Learning Densely Contextual Representation for Efficient Point Cloud Processing},
booktitle = {ICCV},
pages={5239--5248},
year = {2019}
}

@article{lang2019samplenet,
  title={SampleNet: Differentiable Point Cloud Sampling},
  author={Lang, Itai and Manor, Asaf and Avidan, Shai},
  journal={arXiv preprint arXiv:1912.03663},
  year={2019}
}

@article{ma2018arbitrary,
  title={Arbitrary-oriented scene text detection via rotation proposals},
  author={Ma, Jianqi and Shao, Weiyuan and Ye, Hao and Wang, Li and Wang, Hong and Zheng, Yingbin and Xue, Xiangyang},
  journal={IEEE Transactions on Multimedia(TMM)},
  volume={20},
  number={11},
  pages={3111--3122},
  year={2018},
  publisher={IEEE}
}

@inproceedings{krizhevsky2012imagenet,
  title={Imagenet classification with deep convolutional neural networks},
  author={Krizhevsky, Alex and Sutskever, Ilya and Hinton, Geoffrey E},
  booktitle={Advances in neural information processing systems},
  pages={1097--1105},
  year={2012}
}

@inproceedings{li20173d,
  title={3d fully convolutional network for vehicle detection in point cloud},
  author={Li, Bo},
  booktitle={IROS},
  pages={1513--1518},
  year={2017}
}

@article{wang2019frustum,
  title={Frustum ConvNet: Sliding Frustums to Aggregate Local Point-Wise Features for Amodal 3D Object Detection},
  author={Wang, Zhixin and Jia, Kui},
  journal={arXiv preprint arXiv:1903.01864},
  year={2019}
}

@inproceedings{qi2018frustum,
  title={Frustum pointnets for 3d object detection from rgb-d data},
  author={Qi, Charles R and Liu, Wei and Wu, Chenxia and Su, Hao and Guibas, Leonidas J},
  booktitle={CVPR},
  pages={918--927},
  year={2018}
}


@inproceedings{ku2018joint,
  title={Joint 3d proposal generation and object detection from view aggregation},
  author={Ku, Jason and Mozifian, Melissa and Lee, Jungwook and Harakeh, Ali and Waslander, Steven L},
  booktitle={IROS},
  pages={1--8},
  year={2018}
}

@inproceedings{chen2017multi,
  title={Multi-view 3d object detection network for autonomous driving},
  author={Chen, Xiaozhi and Ma, Huimin and Wan, Ji and Li, Bo and Xia, Tian},
  booktitle={CVPR},
  pages={1907--1915},
  year={2017}
}

@inproceedings{xu2018multi,
  title={Multi-level fusion based 3d object detection from monocular images},
  author={Xu, Bin and Chen, Zhenzhong},
  booktitle={CVPR},
  pages={2345--2353},
  year={2018}
}

@inproceedings{zhou2017east,
  title={EAST: an efficient and accurate scene text detector},
  author={Zhou, Xinyu and Yao, Cong and Wen, He and Wang, Yuzhi and Zhou, Shuchang and He, Weiran and Liang, Jiajun},
  booktitle={CVPR},
  pages={5551--5560},
  year={2017}
}

@inproceedings{girshick2015fast,
  title={Fast r-cnn},
  author={Girshick, Ross},
  booktitle={ICCV},
  pages={1440--1448},
  year={2015}
}

@inproceedings{ren2015faster,
  title={Faster r-cnn: Towards real-time object detection with region proposal networks},
  author={Ren, Shaoqing and He, Kaiming and Girshick, Ross and Sun, Jian},
  booktitle={NeurIPS},
  pages={91--99},
  year={2015}
}

@inproceedings{redmon2016you,
  title={You only look once: Unified, real-time object detection},
  author={Redmon, Joseph and Divvala, Santosh and Girshick, Ross and Farhadi, Ali},
  booktitle={CVPR},
  pages={779--788},
  year={2016}
}

@inproceedings{girshick2014rich,
  title={Rich feature hierarchies for accurate object detection and semantic segmentation},
  author={Girshick, Ross and Donahue, Jeff and Darrell, Trevor and Malik, Jitendra},
  booktitle={CVPR},
  pages={580--587},
  year={2014}
}

@article{caesar2019nuscenes,
  title={nuScenes: A multimodal dataset for autonomous driving},
  author={Caesar, Holger and Bankiti, Varun and Lang, Alex H and Vora, Sourabh and Liong, Venice Erin and Xu, Qiang and Krishnan, Anush and Pan, Yu and Baldan, Giancarlo and Beijbom, Oscar},
  journal={arXiv preprint arXiv:1903.11027},
  year={2019}
}

@inproceedings{liu2020self,
  title={Self-Prediction for Joint Instance and Semantic Segmentation of Point Clouds},
  author={Liu, Jinxian and Yu, Minghui and Ni, Bingbing and Chen, Ye},
  booktitle={ECCV},
  year={2020}
}

@article{grunnet2018best,
  title={Best-Known-Methods for Tuning Intel{\textregistered} RealSense™ D400 Depth Cameras for Best Performance},
  author={Grunnet-Jepsen, Anders and Sweetser, John N and Woodfill, John},
  journal={Intel Corporation: Satan Clara, CA, USA},
  volume={1},
  year={2018}
}

@inproceedings{jiang2018acquisition,
  title={Acquisition of localization confidence for accurate object detection},
  author={Jiang, Borui and Luo, Ruixuan and Mao, Jiayuan and Xiao, Tete and Jiang, Yuning},
  booktitle={ECCV},
  pages={784--799},
  year={2018}
}

@inproceedings{lijieliu2019reasoning,
  title={Deep Fitting Degree Scoring Network for Monocular 3D Object Detection},
  author={Liu, Lijie and Lu, Jiwen and Xu, Chunjing and Tian, Qi and Zhou, Jie},
  booktitle={CVPR},
  pages={1057--1066},
  year={2019}
}

@inproceedings{dai2016rfcn,
  title={R-fcn: Object detection via region-based fully convolutional networks},
  author={Dai, Jifeng and Li, Yi and He, Kaiming and Sun, Jian},
  booktitle={NeurIPS},
  pages={379--387},
  year={2016}
}

@inproceedings{lin2017fpn,
  title={Feature pyramid networks for object detection},
  author={Lin, Tsung-Yi and Doll{\'a}r, Piotr and Girshick, Ross and He, Kaiming and Hariharan, Bharath and Belongie, Serge},
  booktitle={CVPR},
  pages={2117--2125},
  year={2017}
}

@inproceedings{liu2016ssd,
  title={Ssd: Single shot multibox detector},
  author={Liu, Wei and Anguelov, Dragomir and Erhan, Dumitru and Szegedy, Christian and Reed, Scott and Fu, Cheng-Yang and Berg, Alexander C},
  booktitle={ECCV},
  pages={21--37},
  year={2016}
}

@inproceedings{meyer2019lasernet,
  title={LaserNet: An efficient probabilistic 3D object detector for autonomous driving},
  author={Meyer, Gregory P and Laddha, Ankit and Kee, Eric and Vallespi-Gonzalez, Carlos and Wellington, Carl K},
  booktitle={CVPR},
  pages={12677--12686},
  year={2019}
}


@article{yang2018ipod,
  title={IPOD: Intensive Point-based Object Detector for Point Cloud},
  author={Yang, Zetong and Sun, Yanan and Liu, Shu and Shen, Xiaoyong and Jia, Jiaya},
  journal={arXiv preprint arXiv:1812.05276},
  year={2018}
}

@inproceedings{simony2018complex,
  title={Complex-YOLO: an Euler-region-proposal for real-time 3D object detection on point clouds},
  author={Simony, Martin and Milzy, Stefan and Amendey, Karl and Gross, Horst-Michael},
  booktitle={ECCV},
  year={2018}
}

@inproceedings{yu2016unitbox,
  title={Unitbox: An advanced object detection network},
  author={Yu, Jiahui and Jiang, Yuning and Wang, Zhangyang and Cao, Zhimin and Huang, Thomas},
  booktitle={ACM MM},
  pages={516--520},
  year={2016}
}

@inproceedings{liu2018fots,
  title={Fots: Fast oriented text spotting with a unified network},
  author={Liu, Xuebo and Liang, Ding and Yan, Shi and Chen, Dagui and Qiao, Yu and Yan, Junjie},
  booktitle={CVPR},
  pages={5676--5685},
  year={2018}
}

@inproceedings{wang2018repulsion,
  title={Repulsion loss: Detecting pedestrians in a crowd},
  author={Wang, Xinlong and Xiao, Tete and Jiang, Yuning and Shao, Shuai and Sun, Jian and Shen, Chunhua},
  booktitle={CVPR},
  pages={7774--7783},
  year={2018}
}

@inproceedings{kosiorek2017hierarchical,
  title={Hierarchical attentive recurrent tracking},
  author={Kosiorek, Adam and Bewley, Alex and Posner, Ingmar},
  booktitle={NeurIPS},
  pages={3053--3061},
  year={2017}
}

@inproceedings{janssens2018fully,
  title={Fully automatic segmentation of lumbar vertebrae from CT images using cascaded 3D fully convolutional networks},
  author={Janssens, Rens and Zeng, Guodong and Zheng, Guoyan},
  booktitle={ISBI},
  pages={893--897},
  year={2018}
}

@inproceedings{shi2018pcn,
  title={Real-time rotation-invariant face detection with progressive calibration networks},
  author={Shi, Xuepeng and Shan, Shiguang and Kan, Meina and Wu, Shuzhe and Chen, Xilin},
  booktitle={CVPR},
  pages={2295--2303},
  year={2018}
}

@article{everingham2010pascal,
  title={The pascal visual object classes (voc) challenge},
  author={Everingham, Mark and Van Gool, Luc and Williams, Christopher KI and Winn, John and Zisserman, Andrew},
  journal={IJCV},
  volume={88},
  number={2},
  pages={303--338},
  year={2010}
}

@inproceedings{lin2014microsoft,
  title={Microsoft coco: Common objects in context},
  author={Lin, Tsung-Yi and Maire, Michael and Belongie, Serge and Hays, James and Perona, Pietro and Ramanan, Deva and Doll{\'a}r, Piotr and Zitnick, C Lawrence},
  booktitle={ECCV},
  pages={740--755},
  year={2014}
}

@inproceedings{chen2016monocular,
  title={Monocular 3d object detection for autonomous driving},
  author={Chen, Xiaozhi and Kundu, Kaustav and Zhang, Ziyu and Ma, Huimin and Fidler, Sanja and Urtasun, Raquel},
  booktitle={CVPR},
  pages={2147--2156},
  year={2016}
}

@inproceedings{chabot2017deep,
  title={Deep manta: A coarse-to-fine many-task network for joint 2d and 3d vehicle analysis from monocular image},
  author={Chabot, Florian and Chaouch, Mohamed and Rabarisoa, Jaonary and Teuliere, Celine and Chateau, Thierry},
  booktitle={CVPR},
  pages={2040--2049},
  year={2017}
}

@inproceedings{li2019stereo,
  title={Stereo r-cnn based 3d object detection for autonomous driving},
  author={Li, Peiliang and Chen, Xiaozhi and Shen, Shaojie},
  booktitle={CVPR},
  pages={7644--7652},
  year={2019}
}

@article{chen20173d,
  title={3d object proposals using stereo imagery for accurate object class detection},
  author={Chen, Xiaozhi and Kundu, Kaustav and Zhu, Yukun and Ma, Huimin and Fidler, Sanja and Urtasun, Raquel},
  journal={TPAMI},
  volume={40},
  number={5},
  pages={1259--1272},
  year={2017}
}

@inproceedings{li2018stereo,
  title={Stereo Vision-based Semantic 3D Object and Ego-motion Tracking for Autonomous Driving},
  author={Li, Peiliang and Qin, Tong and others},
  booktitle={ECCV},
  pages={646--661},
  year={2018}
}

@inproceedings{engelcke2017vote3deep,
  title={Vote3deep: Fast object detection in 3d point clouds using efficient convolutional neural networks},
  author={Engelcke, Martin and Rao, Dushyant and Wang, Dominic Zeng and Tong, Chi Hay and Posner, Ingmar},
  booktitle={ICRA},
  pages={1355--1361},
  year={2017}
}

@inproceedings{maturana2015voxnet,
  title={Voxnet: A 3d convolutional neural network for real-time object recognition},
  author={Maturana, Daniel and Scherer, Sebastian},
  booktitle={IROS},
  pages={922--928},
  year={2015}
}

@inproceedings{xu2018pointfusion,
  title={Pointfusion: Deep sensor fusion for 3d bounding box estimation},
  author={Xu, Danfei and Anguelov, Dragomir and Jain, Ashesh},
  booktitle={CVPR},
  pages={244--253},
  year={2018}
}

@inproceedings{tychsen2018improving,
  title={Improving object localization with fitness nms and bounded iou loss},
  author={Tychsen-Smith, Lachlan and Petersson, Lars},
  booktitle={CVPR},
  pages={6877--6885},
  year={2018}
}

@inproceedings{karatzas2015icdar,
  title={ICDAR 2015 competition on robust reading},
  author={Karatzas, Dimosthenis and Gomez-Bigorda, Lluis and Nicolaou, Anguelos and Ghosh, Suman and Bagdanov, Andrew and Iwamura, Masakazu and Matas, Jiri and Neumann, Lukas and Chandrasekhar, Vijay Ramaseshan and Lu, Shijian and others},
  booktitle={ICDAR},
  pages={1156--1160},
  year={2015},
}

@inproceedings{he2016deep,
  title={Deep residual learning for image recognition},
  author={He, Kaiming and Zhang, Xiangyu and Ren, Shaoqing and Sun, Jian},
  booktitle={CVPR},
  pages={770--778},
  year={2016}
}

@inproceedings{karatzas2013icdar,
  title={ICDAR 2013 robust reading competition},
  author={Karatzas, Dimosthenis and Shafait, Faisal and Uchida, Seiichi and Iwamura, Masakazu and i Bigorda, Lluis Gomez and Mestre, Sergi Robles and Mas, Joan and Mota, David Fernandez and Almazan, Jon Almazan and De Las Heras, Lluis Pere},
  booktitle={ICDAR},
  pages={1484--1493},
  year={2013}
}

@inproceedings{xia2018dota,
  title={DOTA: A large-scale dataset for object detection in aerial images},
  author={Xia, Gui-Song and Bai, Xiang and Ding, Jian and Zhu, Zhen and Belongie, Serge and Luo, Jiebo and Datcu, Mihai and Pelillo, Marcello and Zhang, Liangpei},
  booktitle={CVPR},
  pages={3974--3983},
  year={2018}
}


@inproceedings{xue2019scrdet,
  title={SCRDet: Towards More Robust Detection for Small, Cluttered and Rotated Objects},
  author={Xue Yang and Jirui Yang and Junchi Yan and Yue Zhang and Tengfei Zhang and Zhi Guo and Sun Xian and Kun Fu},
  booktitle={ICCV},
  pages={8232--8241},
  year={2019}
}

@inproceedings{chen2019fastpoint,
  title={Fast Point R-CNN},
  author={Yilun Chen and Shu Liu and Xiaoyong Shen and Jiaya Jia1;2},
  booktitle={ICCV},
  pages={9775--9784},
  year={2019}
}

@article{yang2019r3det,
  title={R3Det: Refined Single-Stage Detector with Feature Refinement for Rotating Object},
  author={Yang, Xue and Liu, Qingqing and Yan, Junchi and Li, Ang},
  journal={arXiv preprint arXiv:1908.05612},
  year={2019}
}

@inproceedings{huang2019mismatch,
  title={Addressing the Loss-Metric Mismatch with Adaptive Loss Alignment},
  author={Chen Huang and Shuangfei Zhai and Walter Talbott and Miguel Angel Bautista and Shih-Yu Sun and Carlos Guestrin and Josh Susskind},
  booktitle={ICML},
  year={2019}
}

@inproceedings{chen20153d,
  title={3d object proposals for accurate object class detection},
  author={Chen, Xiaozhi and Kundu, Kaustav and Zhu, Yukun and Berneshawi, Andrew G and Ma, Huimin and Fidler, Sanja and Urtasun, Raquel},
  booktitle={NeurIPS},
  pages={424--432},
  year={2015}
}

@inproceedings{kehl2017ssd,
  title={SSD-6D: Making RGB-based 3D detection and 6D pose estimation great again},
  author={Kehl, Wadim and Manhardt, Fabian and Tombari, Federico and Ilic, Slobodan and Navab, Nassir},
  booktitle={CVPR},
  pages={1521--1529},
  year={2017}
}

@article{zhou2019fvnet,
  title={FVNet: 3D Front-View Proposal Generation for Real-Time Object Detection from Point Clouds},
  author={Zhou, Jie and Lu, Xuequan and Tan, Xin and Shao, Zhiwei and Ding, Shouhong and Ma, Lizhuang},
  journal={arXiv preprint arXiv:1903.10750},
  year={2019}
}

@inproceedings{long2015fully,
  title={Fully convolutional networks for semantic segmentation},
  author={Long, Jonathan and Shelhamer, Evan and Darrell, Trevor},
  booktitle={CVPR},
  pages={3431--3440},
  year={2015}
}

@article{chen2017deeplab,
  title={Deeplab: Semantic image segmentation with deep convolutional nets, atrous convolution, and fully connected crfs},
  author={Chen, Liang-Chieh and Papandreou, George and Kokkinos, Iasonas and Murphy, Kevin and Yuille, Alan L},
  journal={TPAMI},
  volume={40},
  number={4},
  pages={834--848},
  year={2017},
}

@inproceedings{nam2016learning,
  title={Learning multi-domain convolutional neural networks for visual tracking},
  author={Nam, Hyeonseob and Han, Bohyung},
  booktitle={CVPR},
  pages={4293--4302},
  year={2016}
}n

@inproceedings{zhou2019iou,
  title={Iou loss for 2D/3D object detection},
  author={Zhou, Dingfu and Fang, Jin and Song, Xibin and Guan, Chenye and Yin, Junbo and Dai, Yuchao and Yang, Ruigang},
  booktitle={3DV},
  pages={85--94},
  year={2019}
}

@inproceedings{song2015sun,
	title={Sun rgb-d: A rgb-d scene understanding benchmark suite},
	author={Song, Shuran and Lichtenberg, Samuel P and Xiao, Jianxiong},
	booktitle={CVPR},
	pages={567--576},
	year={2015}
}

@inproceedings{fly519,
  title={Exploiting Local and Global Structure for Point Cloud Semantic Segmentation with Contextual Point Representations},
  author={Xu Wang, Jingming He and Lin Ma},
  pages = {4571--4581},
  booktitle={NeurIPS},
  year={2019},
}

@inproceedings{zhang2020deep,
  title={Deep FusionNet for Point Cloud Semantic Segmentation},
  author={Zhang, Feihu and Fang, Jin and Wah, Benjamin and Torr, Philip},
  booktitle={ECCV},
  year={2020}
}

@inproceedings{lee2015deeply,
  title={Deeply-supervised nets},
  author={Lee, Chen-Yu and Xie, Saining and Gallagher, Patrick and Zhang, Zhengyou and Tu, Zhuowen},
  booktitle={AISTATS},
  pages={562--570},
  year={2015}
}

@inproceedings{han2020occuseg,
  title={OccuSeg: Occupancy-aware 3D Instance Segmentation},
  author={Han, Lei and Zheng, Tian and Xu, Lan and Fang, Lu},
  booktitle={CVPR},
  pages={2940--2949},
  year={2020}
}

@inproceedings{engelmann20203d,
  title={3D-MPA: Multi-Proposal Aggregation for 3D Semantic Instance Segmentation},
  author={Engelmann, Francis and Bokeloh, Martin and Fathi, Alireza and Leibe, Bastian and Nie{\ss}ner, Matthias},
  booktitle={CVPR},
  pages={9031--9040},
  year={2020}
}

@inproceedings{graham20183d,
  title={3d semantic segmentation with submanifold sparse convolutional networks},
  author={Graham, Benjamin and Engelcke, Martin and Van Der Maaten, Laurens},
  booktitle={CVPR},
  pages={9224--9232},
  year={2018}
}

@inproceedings{choy20194d,
  title={4d spatio-temporal convnets: Minkowski convolutional neural networks},
  author={Choy, Christopher and Gwak, JunYoung and Savarese, Silvio},
  booktitle={CVPR},
  pages={3075--3084},
  year={2019}
}

@article{roynard2018paris,
  title={Paris-Lille-3D: A large and high-quality ground-truth urban point cloud dataset for automatic segmentation and classification},
  author={Roynard, Xavier and Deschaud, Jean-Emmanuel and Goulette, Fran{\c{c}}ois},
  journal={IJRR},
  volume={37},
  number={6},
  pages={545--557},
  year={2018}
}

@inproceedings{lei2020seggcn,
  title={SegGCN: Efficient 3D Point Cloud Segmentation With Fuzzy Spherical Kernel},
  author={Lei, Huan and Akhtar, Naveed and Mian, Ajmal},
  booktitle={CVPR},
  pages={11611--11620},
  year={2020}
}

@inproceedings{wang2019associatively,
  title={Associatively segmenting instances and semantics in point clouds},
  author={Wang, Xinlong and Liu, Shu and Shen, Xiaoyong and Shen, Chunhua and Jia, Jiaya},
  booktitle={CVPR},
  pages={4096--4105},
  year={2019}
}

@inproceedings{zhao2020jsnet,
	title={JSNet: Joint Instance and Semantic Segmentation of 3D Point Clouds},
	author={Zhao, Lin and Tao, Wenbing},
	booktitle={AAAI},
	pages={12951-–12958},
	year={2020}
}

@inproceedings{huang2020pf,
  title={PF-Net: Point Fractal Network for 3D Point Cloud Completion},
  author={Huang, Zitian and Yu, Yikuan and Xu, Jiawen and Ni, Feng and Le, Xinyi},
  booktitle={CVPR},
  pages={7662-7670},
  year={2020}
}

@inproceedings{yu2018pu,
  title={Pu-net: Point cloud upsampling network},
  author={Yu, Lequan and Li, Xianzhi and Fu, Chi-Wing and Cohen-Or, Daniel and Heng, Pheng-Ann},
  booktitle={Proceedings of the IEEE Conference on Computer Vision and Pattern Recognition},
  pages={2790--2799},
  year={2018}
}


@inproceedings{wang2018sgpn,
  title={Sgpn: Similarity group proposal network for 3d point cloud instance segmentation},
  author={Wang, Weiyue and Yu, Ronald and Huang, Qiangui and Neumann, Ulrich},
  booktitle={CVPR},
  pages={2569--2578},
  year={2018}
}

@inproceedings{pham2019jsis3d,
  title={JSIS3D: joint semantic-instance segmentation of 3d point clouds with multi-task pointwise networks and multi-value conditional random fields},
  author={Pham, Quang-Hieu and Nguyen, Thanh and Hua, Binh-Son and Roig, Gemma and Yeung, Sai-Kit},
  booktitle={CVPR},
  pages={8827--8836},
  year={2019}
}

@inproceedings{hou20193d,
  title={3d-sis: 3d semantic instance segmentation of rgb-d scans},
  author={Hou, Ji and Dai, Angela and Nie{\ss}ner, Matthias},
  booktitle={CVPR},
  pages={4421--4430},
  year={2019}
}

@inproceedings{yi2019gspn,
  title={Gspn: Generative shape proposal network for 3d instance segmentation in point cloud},
  author={Yi, Li and Zhao, Wang and Wang, He and Sung, Minhyuk and Guibas, Leonidas J},
  booktitle={CVPR},
  pages={3947--3956},
  year={2019}
}

@inproceedings{huang2017densely,
  title={Densely connected convolutional networks},
  author={Huang, Gao and Liu, Zhuang and Van Der Maaten, Laurens and Weinberger, Kilian Q},
  booktitle={CVPR},
  pages={4700--4708},
  year={2017}
}

@inproceedings{kirillov2020pointrend,
  title={PointRend: Image Segmentation as Rendering},
  author={Kirillov, Alexander and Wu, Yuxin and He, Kaiming and Girshick, Ross},
  booktitle={CVPR},
  pages={9799-9808},
  year={2020}
}

@inproceedings{ding2018weakly,
  title={Weakly-supervised action segmentation with iterative soft boundary assignment},
  author={Ding, Li and Xu, Chenliang},
  booktitle={CVPR},
  pages={6508--6516},
  year={2018}
}

@inproceedings{he2020learning,
  title={Learning and Memorizing Representative Prototypes for 3D Point Cloud Semantic and Instance Segmentation},
  author={He, Tong and Gong, Dong and Tian, Zhi and Shen, Chunhua},
  booktitle={ECCV},
  year={2020}
}

@inproceedings{he2020instance,
  title={Instance-Aware Embedding for Point Cloud Instance Segmentation},
  author={He, Tong and Liu, Yifan and Shen, Chunhua and Wang, Xinlong and Sun, Changming},
  booktitle={ECCV},
  pages={255--270},
  year={2020}
}

@inproceedings{contreras2019edge,
  title={Edge-Convolution Point Net for Semantic Segmentation of Large-Scale Point Clouds},
  author={Contreras, Jhonatan and Denzler, Joachim},
  booktitle={IGARSS},
  pages={5236--5239},
  year={2019}
}

@inproceedings{truong2019fast,
  title={Fast Point Cloud Registration using Semantic Segmentation},
  author={Truong, Giang and Gilani, Syed Zulqarnain and Islam, Syed Mohammed Shamsul and Suter, David},
  booktitle={DICTA},
  pages={1--8},
  year={2019}
}

@inproceedings{hu2020randla,
  title={RandLA-Net: Efficient semantic segmentation of large-scale point clouds},
  author={Hu, Qingyong and Yang, Bo and Xie, Linhai and Rosa, Stefano and Guo, Yulan and Wang, Zhihua and Trigoni, Niki and Markham, Andrew},
  booktitle={CVPR},
  pages={11108-11117},
  year={2020}
}

@article{blinn1992hyperbolic,
  title={Hyperbolic interpolation},
  author={Blinn, James F},
  journal={IEEE Computer Graphics and Applications},
  volume={12},
  number={4},
  pages={89--94},
  year={1992}
}

@inproceedings{liu2019point,
  title={Point-Voxel CNN for efficient 3D deep learning},
  author={Liu, Zhijian and Tang, Haotian and Lin, Yujun and Han, Song},
  booktitle={NeurIPS},
  pages={963--973},
  year={2019}
}

@inproceedings{landrieu2018large,
  title={Large-scale point cloud semantic segmentation with superpoint graphs},
  author={Landrieu, Loic and Simonovsky, Martin},
  booktitle={CVPR},
  pages={4558--4567},
  year={2018}
}

@article{fang2020spatial,
  title={Spatial Transformer Point Convolution},
  author={Fang, Yuan and Xu, Chunyan and Cui, Zhen and Zong, Yuan and Yang, Jian},
  journal={arXiv preprint arXiv:2009.01427},
  year={2020}
}

@article{Matterport3D,
  title={Matterport3D: Learning from RGB-D Data in Indoor Environments},
  author={Chang, Angel and Dai, Angela and Funkhouser, Thomas and Halber, Maciej and Niessner, Matthias and Savva, Manolis and Song, Shuran and Zeng, Andy and Zhang, Yinda},
  journal={3DV},
  year={2017}
}

@article{gao2020permutation,
      title={Permutation Matters: Anisotropic Convolutional Layer for Learning on Point Clouds}, 
      author={Zhongpai Gao and Guangtao Zhai and Junchi Yan and Xiaokang Yang},
      year={2020},
      eprint={2005.13135},
      archivePrefix={arXiv},
}

@inproceedings{rethage2018fully,
  title={Fully-convolutional point networks for large-scale point clouds},
  author={Rethage, Dario and Wald, Johanna and Sturm, Jurgen and Navab, Nassir and Tombari, Federico},
  booktitle={ECCV},
  pages={596--611},
  year={2018}
}

@inproceedings{hermans2014dense,
  title={Dense 3d semantic mapping of indoor scenes from rgb-d images},
  author={Hermans, Alexander and Floros, Georgios and Leibe, Bastian},
  booktitle={ICRA},
  pages={2631--2638},
  year={2014}
}

@inproceedings{riemenschneider2014learning,
  title={Learning where to classify in multi-view semantic segmentation},
  author={Riemenschneider, Hayko and B{\'o}dis-Szomor{\'u}, Andr{\'a}s and Weissenberg, Julien and Van Gool, Luc},
  booktitle={ECCV},
  pages={516--532},
  year={2014}
}

@inproceedings{tang2020searching,
    title={Searching Efficient 3D Architectures with Sparse Point-Voxel Convolution},
    author={Haotian Tang and Zhijian Liu and Shengyu Zhao and Yujun Lin and Ji Lin and Hanrui Wang and Song Han},
    year={2020},
    booktitle={ECCV},
}

@inproceedings{yang2020cn,
    title={{CN}: Channel Normalization For Point Cloud Recognition},
    author={Zetong Yang and Yanan Sun and Shu Liu and Xiaojuan Qi and Jiaya Jia},
    year={2020},
    booktitle={ECCV},
}

@inproceedings{song2017semantic,
  title={Semantic scene completion from a single depth image},
  author={Song, Shuran and Yu, Fisher and Zeng, Andy and Chang, Angel X and Savva, Manolis and Funkhouser, Thomas},
  booktitle={CVPR},
  pages={1746--1754},
  year={2017}
}

@article{wang2019dynamic,
  title={Dynamic graph cnn for learning on point clouds},
  author={Wang, Yue and Sun, Yongbin and Liu, Ziwei and Sarma, Sanjay E and Bronstein, Michael M and Solomon, Justin M},
  journal={ACM TOG},
  volume={38},
  number={5},
  pages={1--12},
  year={2019},
}

@inproceedings{wang2019graph,
  title={Graph attention convolution for point cloud semantic segmentation},
  author={Wang, Lei and Huang, Yuchun and Hou, Yaolin and Zhang, Shenman and Shan, Jie},
  booktitle={CVPR},
  pages={10296--10305},
  year={2019}
}

@inproceedings{feichtenhofer2019slowfast,
  title={Slowfast networks for video recognition},
  author={Feichtenhofer, Christoph and Fan, Haoqi and Malik, Jitendra and He, Kaiming},
  booktitle={ICCV},
  pages={6202--6211},
  year={2019}
}

@inproceedings{varma2019multi,
  title={Multi-resolution weak supervision for sequential data},
  author={Varma, Paroma and Sala, Frederic and Sagawa, Shiori and Fries, Jason and Fu, Daniel and Khattar, Saelig and Ramamoorthy, Ashwini and Xiao, Ke and Fatahalian, Kayvon and Priest, James and others},
  booktitle={NeurIPS},
  pages={192--203},
  year={2019}
}

@inproceedings{yang2020resolution,
  title={Resolution Adaptive Networks for Efficient Inference},
  author={Yang, Le and Han, Yizeng and Chen, Xi and Song, Shiji and Dai, Jifeng and Huang, Gao},
  booktitle={CVPR},
  pages={2369--2378},
  year={2020}
}

@InProceedings{liu2020closerlook3d,
  title={A Closer Look at Local Aggregation Operators in Point Cloud Analysis},
  author={Liu, Ze and Hu, Han and Cao, Yue and Zhang, Zheng and Tong, Xin},
  booktitle={ECCV},
  year={2020}
}

@InProceedings{Zhang_2018_CVPR,
author = {Zhang, Quanshi and Wu, Ying Nian and Zhu, Song-Chun},
title = {Interpretable Convolutional Neural Networks},
booktitle = {CVPR},
pages={8827--8836},
year = {2018}
}

@InProceedings{Zhu_2020_CVPR,
author = {Zhu, Chenyang and Xu, Kai and Chaudhuri, Siddhartha and Yi, Li and Guibas, Leonidas J. and Zhang, Hao},
title = {AdaCoSeg: Adaptive Shape Co-Segmentation With Group Consistency Loss},
booktitle = {CVPR},
pages={8543--8552},
year = {2020}
}

@InProceedings{Wen_2020_CVPR,
author = {Wen, Xin and Li, Tianyang and Han, Zhizhong and Liu, Yu-Shen},
title = {Point Cloud Completion by Skip-Attention Network With Hierarchical Folding},
booktitle = {CVPR},
pages={1939--1948},
year = {2020}
}

@article{boulch2017unstructured,
  title={Unstructured Point Cloud Semantic Labeling Using Deep Segmentation Networks.},
  author={Boulch, Alexandre and Le Saux, Bertrand and Audebert, Nicolas},
  journal={3DOR},
  volume={2},
  pages={7},
  year={2017}
}

@inproceedings{tchapmi2017segcloud,
  title={Segcloud: Semantic segmentation of 3d point clouds},
  author={Tchapmi, Lyne and Choy, Christopher and Armeni, Iro and Gwak, JunYoung and Savarese, Silvio},
  booktitle={3DV},
  pages={537--547},
  year={2017}
}

@article{roynard2018classification,
  title={Classification of point cloud scenes with multiscale voxel deep network},
  author={Roynard, Xavier and Deschaud, Jean-Emmanuel and Goulette, Fran{\c{c}}ois},
  journal={arXiv preprint arXiv:1804.03583},
  year={2018}
}

@inproceedings{thomas2018semantic,
  title={Semantic classification of 3D point clouds with multiscale spherical neighborhoods},
  author={Thomas, Hugues and Goulette, Fran{\c{c}}ois and Deschaud, Jean-Emmanuel and Marcotegui, Beatriz and LeGall, Yann},
  booktitle={3DV},
  pages={390--398},
  year={2018}
}

@article{lei2020spherical,
  title={Spherical kernel for efficient graph convolution on 3d point clouds},
  author={Lei, Huan and Akhtar, Naveed and Mian, Ajmal},
  journal={TPAMI},
  year={2020}
}

@article{hackel2017semantic3d,
  title={Semantic3d. net: A new large-scale point cloud classification benchmark},
  author={Hackel, Timo and Savinov, Nikolay and Ladicky, Lubor and Wegner, Jan D and Schindler, Konrad and Pollefeys, Marc},
  journal={arXiv preprint arXiv:1704.03847},
  year={2017}
}

@InProceedings{Mao_2019_ICCV,
author = {Mao, Jiageng and Wang, Xiaogang and Li, Hongsheng},
title = {Interpolated Convolutional Networks for 3D Point Cloud Understanding},
booktitle = {ICCV},
pages={1578--1587},
year = {2019}
}

@InProceedings{Fujiwara_2020_CVPR,
author = {Fujiwara, Kent and Hashimoto, Taiichi},
title = {Neural Implicit Embedding for Point Cloud Analysis},
booktitle = {CVPR},
pages={11734-11743},
year = {2020}
}

@inproceedings{ritchie2019fast,
  title={Fast and flexible indoor scene synthesis via deep convolutional generative models},
  author={Ritchie, Daniel and Wang, Kai and Lin, Yu-an},
  booktitle={CVPR},
  pages={6182--6190},
  year={2019}
}

@article{wang2019planit,
  title={Planit: Planning and instantiating indoor scenes with relation graph and spatial prior networks},
  author={Wang, Kai and Lin, Yu-An and Weissmann, Ben and Savva, Manolis and Chang, Angel X and Ritchie, Daniel},
  journal={TOG},
  volume={38},
  number={4},
  pages={1--15},
  year={2019},
  publisher={ACM New York, NY, USA}
}

@inproceedings{zhang2020h3dnet,
  title={H3dnet: 3d object detection using hybrid geometric primitives},
  author={Zhang, Zaiwei and Sun, Bo and Yang, Haitao and Huang, Qixing},
  booktitle={ECCV},
  pages={311--329},
  year={2020}
}

@article{dai2017bundlefusion,
  title={Bundlefusion: Real-time globally consistent 3d reconstruction using on-the-fly surface reintegration},
  author={Dai, Angela and Nie{\ss}ner, Matthias and Zollh{\"o}fer, Michael and Izadi, Shahram and Theobalt, Christian},
  journal={TOG},
  volume={36},
  number={4},
  pages={1},
  year={2017},
  publisher={ACM New York, NY, USA}
}

@inproceedings{avetisyan2019scan2cad,
  title={Scan2cad: Learning cad model alignment in rgb-d scans},
  author={Avetisyan, Armen and Dahnert, Manuel and Dai, Angela and Savva, Manolis and Chang, Angel X and Nie{\ss}ner, Matthias},
  booktitle={CVPR},
  pages={2614--2623},
  year={2019}
}

@inproceedings{avetisyan2019end,
  title={End-to-end cad model retrieval and 9dof alignment in 3d scans},
  author={Avetisyan, Armen and Dai, Angela and Nie{\ss}ner, Matthias},
  booktitle={ICCV},
  pages={2551--2560},
  year={2019}
}

@inproceedings{dahnert2019joint,
  title={Joint embedding of 3d scan and cad objects},
  author={Dahnert, Manuel and Dai, Angela and Guibas, Leonidas J and Niessner, Matthias},
  booktitle={ICCV},
  pages={8749--8758},
  year={2019}
}

@inproceedings{li2015database,
  title={Database-assisted object retrieval for real-time 3d reconstruction},
  author={Li, Yangyan and Dai, Angela and Guibas, Leonidas and Nie{\ss}ner, Matthias},
  booktitle={CGF},
  volume={34},
  number={2},
  pages={435--446},
  year={2015}
}

@inproceedings{uy2020deformation,
  title={Deformation-aware 3d model embedding and retrieval},
  author={Uy, Mikaela Angelina and Huang, Jingwei and Sung, Minhyuk and Birdal, Tolga and Guibas, Leonidas},
  booktitle={ECCV},
  pages={397--413},
  year={2020}
}

@article{wang2018deep,
  title={Deep convolutional priors for indoor scene synthesis},
  author={Wang, Kai and Savva, Manolis and Chang, Angel X and Ritchie, Daniel},
  journal={TOG},
  volume={37},
  number={4},
  pages={1--14},
  year={2018},
  publisher={ACM New York, NY, USA}
}

@article{goodfellow2014generative,
  title={Generative adversarial networks},
  author={Goodfellow, Ian J and Pouget-Abadie, Jean and Mirza, Mehdi and Xu, Bing and Warde-Farley, David and Ozair, Sherjil and Courville, Aaron and Bengio, Yoshua},
  journal={arXiv preprint arXiv:1406.2661},
  year={2014}
}

@article{li2019grains,
  title={Grains: Generative recursive autoencoders for indoor scenes},
  author={Li, Manyi and Patil, Akshay Gadi and Xu, Kai and Chaudhuri, Siddhartha and Khan, Owais and Shamir, Ariel and Tu, Changhe and Chen, Baoquan and Cohen-Or, Daniel and Zhang, Hao},
  journal={TOG},
  volume={38},
  number={2},
  pages={1--16},
  year={2019},
  publisher={ACM New York, NY, USA}
}

@article{ren2016faster,
  title={Faster R-CNN: towards real-time object detection with region proposal networks},
  author={Ren, Shaoqing and He, Kaiming and Girshick, Ross and Sun, Jian},
  journal={TPAMI},
  volume={39},
  number={6},
  pages={1137--1149},
  year={2016},
  publisher={IEEE}
}

@inproceedings{lahoud20172d,
  title={2d-driven 3d object detection in rgb-d images},
  author={Lahoud, Jean and Ghanem, Bernard},
  booktitle={ICCV},
  pages={4622--4630},
  year={2017}
}

@inproceedings{bilen2016weakly,
  title={Weakly supervised deep detection networks},
  author={Bilen, Hakan and Vedaldi, Andrea},
  booktitle={CVPR},
  pages={2846--2854},
  year={2016}
}

@inproceedings{inoue2018cross,
  title={Cross-domain weakly-supervised object detection through progressive domain adaptation},
  author={Inoue, Naoto and Furuta, Ryosuke and Yamasaki, Toshihiko and Aizawa, Kiyoharu},
  booktitle={CVPR},
  pages={5001--5009},
  year={2018}
}

@inproceedings{tang2018weakly,
  title={Weakly supervised region proposal network and object detection},
  author={Tang, Peng and Wang, Xinggang and Wang, Angtian and Yan, Yongluan and Liu, Wenyu and Huang, Junzhou and Yuille, Alan},
  booktitle={ECCV},
  pages={352--368},
  year={2018}
}

@inproceedings{wei2020multi,
  title={Multi-path region mining for weakly supervised 3D semantic segmentation on point clouds},
  author={Wei, Jiacheng and Lin, Guosheng and Yap, Kim-Hui and Hung, Tzu-Yi and Xie, Lihua},
  booktitle={CVPR},
  pages={4384--4393},
  year={2020}
}

@inproceedings{qin2019pointdan,
  title={Pointdan: A multi-scale 3d domain adaption network for point cloud representation},
  author={Qin, Can and You, Haoxuan and Wang, Lichen and Kuo, C-C Jay and Fu, Yun},
  booktitle={Advances in Neural Information Processing Systems},
  pages={7190--7201},
  year={2019}
}

@article{borgwardt2006integrating,
  title={Integrating structured biological data by kernel maximum mean discrepancy},
  author={Borgwardt, Karsten M and Gretton, Arthur and Rasch, Malte J and Kriegel, Hans-Peter and Sch{\"o}lkopf, Bernhard and Smola, Alex J},
  journal={Bioinformatics},
  volume={22},
  number={14},
  pages={e49--e57},
  year={2006},
  publisher={Oxford University Press}
}

@inproceedings{long2013transfer,
  title={Transfer feature learning with joint distribution adaptation},
  author={Long, Mingsheng and Wang, Jianmin and Ding, Guiguang and Sun, Jiaguang and Yu, Philip S},
  booktitle={Proceedings of the IEEE international conference on computer vision},
  pages={2200--2207},
  year={2013}
}

@inproceedings{saito2018maximum,
  title={Maximum classifier discrepancy for unsupervised domain adaptation},
  author={Saito, Kuniaki and Watanabe, Kohei and Ushiku, Yoshitaka and Harada, Tatsuya},
  booktitle={Proceedings of the IEEE conference on computer vision and pattern recognition},
  pages={3723--3732},
  year={2018}
}

@inproceedings{achituve2021self,
  title={Self-Supervised Learning for Domain Adaptation on Point Clouds},
  author={Achituve, Idan and Maron, Haggai and Chechik, Gal},
  booktitle={Proceedings of the IEEE/CVF Winter Conference on Applications of Computer Vision},
  pages={123--133},
  year={2021}
}

@article{sun2019unsupervised,
  title={Unsupervised domain adaptation through self-supervision},
  author={Sun, Yu and Tzeng, Eric and Darrell, Trevor and Efros, Alexei A},
  journal={arXiv preprint arXiv:1909.11825},
  year={2019}
}

@article{su2020adapting,
  title={Adapting object detectors with conditional domain normalization},
  author={Su, Peng and Wang, Kun and Zeng, Xingyu and Tang, Shixiang and Chen, Dapeng and Qiu, Di and Wang, Xiaogang},
  journal={arXiv preprint arXiv:2003.07071},
  year={2020},
  publisher={Springer}
}

@inproceedings{chen2018domain,
  title={Domain adaptive faster r-cnn for object detection in the wild},
  author={Chen, Yuhua and Li, Wen and Sakaridis, Christos and Dai, Dengxin and Van Gool, Luc},
  booktitle={CVPR},
  pages={3339--3348},
  year={2018}
}

@inproceedings{saito2019strong,
  title={Strong-weak distribution alignment for adaptive object detection},
  author={Saito, Kuniaki and Ushiku, Yoshitaka and Harada, Tatsuya and Saenko, Kate},
  booktitle={CVPR},
  pages={6956--6965},
  year={2019}
}

@inproceedings{xie2020mlcvnet,
  title={Mlcvnet: Multi-level context votenet for 3d object detection},
  author={Xie, Qian and Lai, Yu-Kun and Wu, Jing and Wang, Zhoutao and Zhang, Yiming and Xu, Kai and Wang, Jun},
  booktitle={CVPR},
  pages={10447--10456},
  year={2020}
}

@inproceedings{xie2020pointcontrast,
  title={PointContrast: Unsupervised pre-training for 3D point cloud understanding},
  author={Xie, Saining and Gu, Jiatao and Guo, Demi and Qi, Charles R and Guibas, Leonidas and Litany, Or},
  booktitle={ECCV},
  pages={574--591},
  year={2020}
}

@inproceedings{hou2020exploring,
  title={Exploring data-efficient 3d scene understanding with contrastive scene contexts},
  author={Hou, Ji and Graham, Benjamin and Nie{\ss}ner, Matthias and Xie, Saining},
  booktitle={CVPR},
  pages={15587--15597},
  year={2021}
}

@article{wang2020pre,
  title={Pre-Training by Completing Point Clouds},
  author={Wang, Hanchen and Liu, Qi and Yue, Xiangyu and Lasenby, Joan and Kusner, Matthew J},
  journal={arXiv preprint arXiv:2010.01089},
  year={2020}
}

@inproceedings{ganin2015unsupervised,
  title={Unsupervised domain adaptation by backpropagation},
  author={Ganin, Yaroslav and Lempitsky, Victor},
  booktitle={ICML},
  pages={1180--1189},
  year={2015}
}

@article{felzenszwalb2004efficient,
  title={Efficient graph-based image segmentation},
  author={Felzenszwalb, Pedro F and Huttenlocher, Daniel P},
  journal={IJCV},
  volume={59},
  number={2},
  pages={167--181},
  year={2004},
  publisher={Springer}
}

@inproceedings{karpathy2013object,
  title={Object discovery in 3d scenes via shape analysis},
  author={Karpathy, Andrej and Miller, Stephen and Fei-Fei, Li},
  booktitle={ICRA},
  pages={2088--2095},
  year={2013}
}

@article{litany2017asist,
  title={Asist: automatic semantically invariant scene transformation},
  author={Litany, Or and Remez, Tal and Freedman, Daniel and Shapira, Lior and Bronstein, Alex and Gal, Ran},
  journal={CVIU},
  volume={157},
  pages={284--299},
  year={2017},
  publisher={Elsevier}
}

@article{nan2012search,
  title={A search-classify approach for cluttered indoor scene understanding},
  author={Nan, Liangliang and Xie, Ke and Sharf, Andrei},
  journal={TOG},
  volume={31},
  number={6},
  pages={1--10},
  year={2012},
  publisher={ACM New York, NY, USA}
}

@inproceedings{song2014sliding,
  title={Sliding shapes for 3d object detection in depth images},
  author={Song, Shuran and Xiao, Jianxiong},
  booktitle={ECCV},
  pages={634--651},
  year={2014}
}

@inproceedings{song2016deep,
  title={Deep sliding shapes for amodal 3d object detection in rgb-d images},
  author={Song, Shuran and Xiao, Jianxiong},
  booktitle={CVPR},
  pages={808--816},
  year={2016}
}

@inproceedings{tang2017multiple,
  title={Multiple instance detection network with online instance classifier refinement},
  author={Tang, Peng and Wang, Xinggang and Bai, Xiang and Liu, Wenyu},
  booktitle={CVPR},
  pages={2843--2851},
  year={2017}
}

@inproceedings{yang2019towards,
  title={Towards precise end-to-end weakly supervised object detection network},
  author={Yang, Ke and Li, Dongsheng and Dou, Yong},
  booktitle={ICCV},
  pages={8372--8381},
  year={2019}
}

@Misc{opencv.org,
howpublished = {[EB/OL]},
note = {\url{https://opencv.org/}},
title = {OpenCV}
}

@Misc{open3d.org,
howpublished = {[EB/OL]},
note = {\url{http://www.open3d.org/}},
title = {Open3D: A Modern Library for 3D Data Processing}
}


@article{zhou2019objects,
  title={Objects as points},
  author={Zhou, Xingyi and Wang, Dequan and Kr{\"a}henb{\"u}hl, Philipp},
  journal={arXiv preprint arXiv:1904.07850},
  year={2019}
}

@inproceedings{mo2019partnet,
  title={Partnet: A large-scale benchmark for fine-grained and hierarchical part-level 3d object understanding},
  author={Mo, Kaichun and Zhu, Shilin and Chang, Angel X and Yi, Li and Tripathi, Subarna and Guibas, Leonidas J and Su, Hao},
  booktitle={CVPR},
  pages={909--918},
  year={2019}
}

@inproceedings{qi2018human,
  title={Human-centric indoor scene synthesis using stochastic grammar},
  author={Qi, Siyuan and Zhu, Yixin and Huang, Siyuan and Jiang, Chenfanfu and Zhu, Song-Chun},
  booktitle={CVPR},
  pages={5899--5908},
  year={2018}
}

@article{kisantal2019augmentation,
  title={Augmentation for small object detection},
  author={Kisantal, Mate and Wojna, Zbigniew and Murawski, Jakub and Naruniec, Jacek and Cho, Kyunghyun},
  journal={arXiv preprint arXiv:1902.07296},
  year={2019}
}

@inproceedings{wang20213dioumatch,
  title={3DIoUMatch: Leveraging iou prediction for semi-supervised 3d object detection},
  author={Wang, He and Cong, Yezhen and Litany, Or and Gao, Yue and Guibas, Leonidas J},
  booktitle={CVPR},
  pages={14615--14624},
  year={2021}
}

@inproceedings{zhao2020sess,
  title={Sess: Self-ensembling semi-supervised 3d object detection},
  author={Zhao, Na and Chua, Tat-Seng and Lee, Gim Hee},
  booktitle={CVPR},
  pages={11079--11087},
  year={2020}
}

@inproceedings{peng2020convolutional,
  title={Convolutional occupancy networks},
  author={Peng, Songyou and Niemeyer, Michael and Mescheder, Lars and Pollefeys, Marc and Geiger, Andreas},
  booktitle={ECCV},
  pages={523--540},
  year={2020}
}

@inproceedings{wang2019normalized,
  title={Normalized object coordinate space for category-level 6d object pose and size estimation},
  author={Wang, He and Sridhar, Srinath and Huang, Jingwei and Valentin, Julien and Song, Shuran and Guibas, Leonidas J},
  booktitle={CVPR},
  pages={2642--2651},
  year={2019}
}

@inproceedings{kar2019meta,
  title={Meta-sim: Learning to generate synthetic datasets},
  author={Kar, Amlan and Prakash, Aayush and Liu, Ming-Yu and Cameracci, Eric and Yuan, Justin and Rusiniak, Matt and Acuna, David and Torralba, Antonio and Fidler, Sanja},
  booktitle={ICCV},
  pages={4551--4560},
  year={2019}
}

@inproceedings{dosovitskiy2015flownet,
  title={Flownet: Learning optical flow with convolutional networks},
  author={Dosovitskiy, Alexey and Fischer, Philipp and Ilg, Eddy and Hausser, Philip and Hazirbas, Caner and Golkov, Vladimir and Van Der Smagt, Patrick and Cremers, Daniel and Brox, Thomas},
  booktitle={ICCV},
  pages={2758--2766},
  year={2015}
}

@article{liu2021group,
  title={Group-Free 3D Object Detection via Transformers},
  author={Liu, Ze and Zhang, Zheng and Cao, Yue and Hu, Han and Tong, Xin},
  journal={arXiv preprint arXiv:2104.00678},
  year={2021}
}

@inproceedings{vaswani2017attention,
  title={Attention is all you need},
  author={Vaswani, Ashish and Shazeer, Noam and Parmar, Niki and Uszkoreit, Jakob and Jones, Llion and Gomez, Aidan N and Kaiser, {\L}ukasz and Polosukhin, Illia},
  booktitle={NeurIPS},
  pages={5998--6008},
  year={2017}
}

@inproceedings{rao2021randomrooms,
  title={RandomRooms: Unsupervised Pre-training from Synthetic Shapes and Randomized Layouts for 3D Object Detection},
  author={Rao, Yongming and Liu, Benlin and Wei, Yi and Lu, Jiwen and Hsieh, Cho-Jui and Zhou, Jie},
  booktitle={ICCV},
  pages={3283--3292},
  year={2021}
}

@article{zhang2021self,
  title={Self-supervised pretraining of 3d features on any point-cloud},
  author={Zhang, Zaiwei and Girdhar, Rohit and Joulin, Armand and Misra, Ishan},
  journal={arXiv preprint arXiv:2101.02691},
  year={2021}
}

@inproceedings{meng2020weakly,
	title="Weakly Supervised 3D Object Detection from Lidar Point Cloud",
	author="Qinghao {Meng} and Wenguan {Wang} and Tianfei {Zhou} and Jianbing {Shen} and Luc Van {Gool} and Dengxin {Dai}",
	booktitle="ECCV",
	pages="515--531",
	notes="Sourced from Microsoft Academic - https://academic.microsoft.com/paper/3108381027",
	year="2020"
}

@inproceedings{ren20213d,
  title={3D Spatial Recognition without Spatially Labeled 3D},
  author={Ren, Zhongzheng and Misra, Ishan and Schwing, Alexander G and Girdhar, Rohit},
  booktitle={CVPR},
  pages={13204--13213},
  year={2021}
}

@inproceedings{qin2020weakly,
  title={Weakly supervised 3d object detection from point clouds},
  author={Qin, Zengyi and Wang, Jinglu and Lu, Yan},
  booktitle={ACM MM},
  pages={4144--4152},
  year={2020}
}

@inproceedings{yang2021st3d,
  title={ST3D: Self-training for Unsupervised Domain Adaptation on 3D Object Detection},
  author={Yang, Jihan and Shi, Shaoshuai and Wang, Zhe and Li, Hongsheng and Qi, Xiaojuan},
  booktitle={CVPR},
  pages={10368--10378},
  year={2021}
}

@inproceedings{wang2020train,
  title={Train in germany, test in the usa: Making 3d object detectors generalize},
  author={Wang, Yan and Chen, Xiangyu and You, Yurong and Li, Li Erran and Hariharan, Bharath and Campbell, Mark and Weinberger, Kilian Q and Chao, Wei-Lun},
  booktitle={CVPR},
  pages={11713--11723},
  year={2020}
}

@article{meng2021towards,
  title={Towards a weakly supervised framework for 3d point cloud object detection and annotation},
  author={Meng, Qinghao and Wang, Wenguan and Zhou, Tianfei and Shen, Jianbing and Jia, Yunde and Van Gool, Luc},
  journal={TPAMI},
  year={2021},
  publisher={IEEE}
}

@article{li2020openrooms,
  title={OpenRooms: An End-to-End Open Framework for Photorealistic Indoor Scene Datasets},
  author={Li, Zhengqin and Yu, Ting-Wei and Sang, Shen and Wang, Sarah and Song, Meng and Liu, Yuhan and Yeh, Yu-Ying and Zhu, Rui and Gundavarapu, Nitesh and Shi, Jia and others},
  journal={arXiv preprint arXiv:2007.12868},
  year={2020}
}

@inproceedings{zeng2017multi,
  title={Multi-view self-supervised deep learning for 6d pose estimation in the amazon picking challenge},
  author={Zeng, Andy and Yu, Kuan-Ting and Song, Shuran and Suo, Daniel and Walker, Ed and Rodriguez, Alberto and Xiao, Jianxiong},
  booktitle={ICRA},
  pages={1386--1383},
  year={2017}
}

@inproceedings{besl1992method,
  title={A Method for registration of 3-D shapes},
  booktitle={TPAMI},
  year={1992}
}

@article{tarvainen2017mean,
  title={Mean teachers are better role models: Weight-averaged consistency targets improve semi-supervised deep learning results},
  author={Tarvainen, Antti and Valpola, Harri},
  journal={arXiv preprint arXiv:1703.01780},
  year={2017}
}

@Misc{Warehouse,
howpublished = {[EB/OL]},
note = {\url{http://3dwarehouse.sketchup.com/}},
title = {Trimble 3D Warehouse.}
}

@article{xu2019label,
  title={Label enhancement for label distribution learning},
  author={Xu, Ning and Liu, Yun-Peng and Geng, Xin},
  journal={TKDE},
  year={2019},
  publisher={IEEE}
}

@article{mao2021one,
  title={One million scenes for autonomous driving: Once dataset},
  author={Mao, Jiageng and Niu, Minzhe and Jiang, Chenhan and Liang, Hanxue and Chen, Jingheng and Liang, Xiaodan and Li, Yamin and Ye, Chaoqiang and Zhang, Wei and Li, Zhenguo and others},
  journal={arXiv preprint arXiv:2106.11037},
  year={2021}
}

@inproceedings{shi2020pv,
  title={Pv-rcnn: Point-voxel feature set abstraction for 3d object detection},
  author={Shi, Shaoshuai and Guo, Chaoxu and Jiang, Li and Wang, Zhe and Shi, Jianping and Wang, Xiaogang and Li, Hongsheng},
  booktitle={CVPR},
  pages={10529--10538},
  year={2020}
}

@inproceedings{deng2017amodal,
  title={Amodal detection of 3d objects: Inferring 3d bounding boxes from 2d ones in rgb-depth images},
  author={Deng, Zhuo and Jan Latecki, Longin},
  booktitle={CVPR},
  pages={5762--5770},
  year={2017}
}

@inproceedings{Silberman2012nyu,
  author={Nathan Silberman, Derek Hoiem, Pushmeet Kohli and Rob Fergus},
  title={Indoor Segmentation and Support Inference from RGBD Images},
  booktitle={ECCV},
  year={2012}
}

@inproceedings{qi2020imvotenet,
  title={Imvotenet: Boosting 3d object detection in point clouds with image votes},
  author={Qi, Charles R and Chen, Xinlei and Litany, Or and Guibas, Leonidas J},
  booktitle={CVPR},
  pages={4404--4413},
  year={2020}
}

@inproceedings{nabati2021centerfusion,
  title={Centerfusion: Center-based radar and camera fusion for 3d object detection},
  author={Nabati, Ramin and Qi, Hairong},
  booktitle={WACV},
  pages={1527--1536},
  year={2021}
}

@inproceedings{bai2022transfusion,
  title={Transfusion: Robust lidar-camera fusion for 3d object detection with transformers},
  author={Bai, Xuyang and Hu, Zeyu and Zhu, Xinge and Huang, Qingqiu and Chen, Yilun and Fu, Hongbo and Tai, Chiew-Lan},
  booktitle={CVPR},
  pages={1090--1099},
  year={2022}
}

@article{chen2022futr3d,
  title={Futr3d: A unified sensor fusion framework for 3d detection},
  author={Chen, Xuanyao and Zhang, Tianyuan and Wang, Yue and Wang, Yilun and Zhao, Hang},
  journal={arXiv preprint arXiv:2203.10642},
  year={2022}
}

@inproceedings{vora2020pointpainting,
  title={Pointpainting: Sequential fusion for 3d object detection},
  author={Vora, Sourabh and Lang, Alex H and Helou, Bassam and Beijbom, Oscar},
  booktitle={CVPR},
  pages={4604--4612},
  year={2020}
}

@inproceedings{misra2021end,
  title={An end-to-end transformer model for 3d object detection},
  author={Misra, Ishan and Girdhar, Rohit and Joulin, Armand},
  booktitle={ICCV},
  pages={2906--2917},
  year={2021}
}

@inproceedings{wang2021pointaugmenting,
  title={Pointaugmenting: Cross-modal augmentation for 3d object detection},
  author={Wang, Chunwei and Ma, Chao and Zhu, Ming and Yang, Xiaokang},
  booktitle={CVPR},
  pages={11794--11803},
  year={2021}
}

@article{yin2021multimodal,
  title={Multimodal virtual point 3d detection},
  author={Yin, Tianwei and Zhou, Xingyi and Kr{\"a}henb{\"u}hl, Philipp},
  journal={NeurIPS},
  volume={34},
  pages={16494--16507},
  year={2021}
}

@inproceedings{li2022deepfusion,
  title={Deepfusion: Lidar-camera deep fusion for multi-modal 3d object detection},
  author={Li, Yingwei and Yu, Adams Wei and Meng, Tianjian and Caine, Ben and Ngiam, Jiquan and Peng, Daiyi and Shen, Junyang and Lu, Yifeng and Zhou, Denny and Le, Quoc V and others},
  booktitle={CVPR},
  pages={17182--17191},
  year={2022}
}

@inproceedings{liang2018deep,
  title={Deep continuous fusion for multi-sensor 3d object detection},
  author={Liang, Ming and Yang, Bin and Wang, Shenlong and Urtasun, Raquel},
  booktitle={ECCV},
  pages={641--656},
  year={2018}
}


@article{wang2022cagroup3d,
  title={CAGroup3D: Class-Aware Grouping for 3D Object Detection on Point Clouds},
  author={Wang, Haiyang and Ding, Lihe and Dong, Shaocong and Shi, Shaoshuai and Li, Aoxue and Li, Jianan and Li, Zhenguo and Wang, Liwei},
  journal={arXiv preprint arXiv:2210.04264},
  year={2022}
}

@inproceedings{rukhovich2022imvoxelnet,
  title={Imvoxelnet: Image to voxels projection for monocular and multi-view general-purpose 3d object detection},
  author={Rukhovich, Danila and Vorontsova, Anna and Konushin, Anton},
  booktitle={WACV},
  pages={2397--2406},
  year={2022}
}

@article{tancik2020fourier,
  title={Fourier features let networks learn high frequency functions in low dimensional domains},
  author={Tancik, Matthew and Srinivasan, Pratul and Mildenhall, Ben and Fridovich-Keil, Sara and Raghavan, Nithin and Singhal, Utkarsh and Ramamoorthi, Ravi and Barron, Jonathan and Ng, Ren},
  journal={NeurIPS},
  volume={33},
  pages={7537--7547},
  year={2020}
}

@inproceedings{carion2020end,
  title={End-to-end object detection with transformers},
  author={Carion, Nicolas and Massa, Francisco and Synnaeve, Gabriel and Usunier, Nicolas and Kirillov, Alexander and Zagoruyko, Sergey},
  booktitle={ECCV},
  pages={213--229},
  year={2020},
  organization={Springer}
}

@inproceedings{cheng2021back,
  title={Back-tracing representative points for voting-based 3d object detection in point clouds},
  author={Cheng, Bowen and Sheng, Lu and Shi, Shaoshuai and Yang, Ming and Xu, Dong},
  booktitle={CVPR},
  pages={8963--8972},
  year={2021}
}

@inproceedings{wang2022rbgnet,
  title={Rbgnet: Ray-based grouping for 3d object detection},
  author={Wang, Haiyang and Shi, Shaoshuai and Yang, Ze and Fang, Rongyao and Qian, Qi and Li, Hongsheng and Schiele, Bernt and Wang, Liwei},
  booktitle={CVPR},
  pages={1110--1119},
  year={2022}
}

@inproceedings{gwak2020generative,
  title={Generative sparse detection networks for 3d single-shot object detection},
  author={Gwak, JunYoung and Choy, Christopher and Savarese, Silvio},
  booktitle={ECCV},
  pages={297--313},
  year={2020},
  organization={Springer}
}

@inproceedings{rukhovich2022fcaf3d,
  title={FCAF3D: fully convolutional anchor-free 3D object detection},
  author={Rukhovich, Danila and Vorontsova, Anna and Konushin, Anton},
  booktitle={ECCV},
  pages={477--493},
  year={2022},
  organization={Springer}
}

@article{rukhovich2023tr3d,
  title={TR3D: Towards Real-Time Indoor 3D Object Detection},
  author={Rukhovich, Danila and Vorontsova, Anna and Konushin, Anton},
  journal={arXiv preprint arXiv:2302.02858},
  year={2023}
}

@inproceedings{xu2022back,
  title={Back to reality: Weakly-supervised 3d object detection with shape-guided label enhancement},
  author={Xu, Xiuwei and Wang, Yifan and Zheng, Yu and Rao, Yongming and Zhou, Jie and Lu, Jiwen},
  booktitle={CVPR},
  pages={8438--8447},
  year={2022}
}

@inproceedings{xu2022scene,
  title={TO-Scene: A Large-Scale Dataset for Understanding 3D Tabletop Scenes},
  author={Xu, Mutian and Chen, Pei and Liu, Haolin and Han, Xiaoguang},
  booktitle={ECCV},
  pages={340--356},
  year={2022},
  organization={Springer}
}

@inproceedings{zoph2020learning,
  title={Learning data augmentation strategies for object detection},
  author={Zoph, Barret and Cubuk, Ekin D and Ghiasi, Golnaz and Lin, Tsung-Yi and Shlens, Jonathon and Le, Quoc V},
  booktitle={ECCV},
  pages={566--583},
  year={2020},
  organization={Springer}
}

@inproceedings{singh2018analysis,
  title={An analysis of scale invariance in object detection snip},
  author={Singh, Bharat and Davis, Larry S},
  booktitle={Proceedings of the IEEE conference on computer vision and pattern recognition},
  pages={3578--3587},
  year={2018}
}

@article{singh2018sniper,
  title={Sniper: Efficient multi-scale training},
  author={Singh, Bharat and Najibi, Mahyar and Davis, Larry S},
  journal={NeurIPS},
  volume={31},
  year={2018}
}

@inproceedings{najibi2019autofocus,
  title={Autofocus: Efficient multi-scale inference},
  author={Najibi, Mahyar and Singh, Bharat and Davis, Larry S},
  booktitle={ICCV},
  pages={9745--9755},
  year={2019}
}

@inproceedings{li2017perceptual,
  title={Perceptual generative adversarial networks for small object detection},
  author={Li, Jianan and Liang, Xiaodan and Wei, Yunchao and Xu, Tingfa and Feng, Jiashi and Yan, Shuicheng},
  booktitle={CVPR},
  pages={1222--1230},
  year={2017}
}

@article{wang2020deep,
  title={Deep high-resolution representation learning for visual recognition},
  author={Wang, Jingdong and Sun, Ke and Cheng, Tianheng and Jiang, Borui and Deng, Chaorui and Zhao, Yang and Liu, Dong and Mu, Yadong and Tan, Mingkui and Wang, Xinggang and others},
  journal={TPAMI},
  volume={43},
  number={10},
  pages={3349--3364},
  year={2020},
  publisher={IEEE}
}

@inproceedings{yang2022querydet,
  title={Querydet: Cascaded sparse query for accelerating high-resolution small object detection},
  author={Yang, Chenhongyi and Huang, Zehao and Wang, Naiyan},
  booktitle={CVPR},
  pages={13668--13677},
  year={2022}
}

@inproceedings{tian2019fcos,
  title={Fcos: Fully convolutional one-stage object detection},
  author={Tian, Zhi and Shen, Chunhua and Chen, Hao and He, Tong},
  booktitle={ICCV},
  pages={9627--9636},
  year={2019}
}

@article{paszke2019pytorch,
  title={Pytorch: An imperative style, high-performance deep learning library},
  author={Paszke, Adam and Gross, Sam and Massa, Francisco and Lerer, Adam and Bradbury, James and Chanan, Gregory and Killeen, Trevor and Lin, Zeming and Gimelshein, Natalia and Antiga, Luca and others},
  journal={NeurIPS},
  volume={32},
  year={2019}
}

@inproceedings{rozenberszki2022language,
  title={Language-grounded indoor 3D semantic segmentation in the wild},
  author={Rozenberszki, David and Litany, Or and Dai, Angela},
  booktitle={ECCV},
  pages={125--141},
  year={2022},
  organization={Springer}
}

@inproceedings{liu2018rethinking,
  title={Rethinking the value of network pruning},
  author={Liu, Zhuang and Sun, Mingjie and Zhou, Tinghui and Huang, Gao and Darrell, Trevor},
  booktitle={ICLR},
  year={2018}
}

@inproceedings{luo2017thinet,
  title={Thinet: A filter level pruning method for deep neural network compression},
  author={Luo, Jian-Hao and Wu, Jianxin and Lin, Weiyao},
  booktitle={ICCV},
  pages={5058--5066},
  year={2017}
}

@inproceedings{gao2018dynamic,
  title={Dynamic zoom-in network for fast object detection in large images},
  author={Gao, Mingfei and Yu, Ruichi and Li, Ang and Morariu, Vlad I and Davis, Larry S},
  booktitle={CVPR},
  pages={6926--6935},
  year={2018}
}

@article{tong2020recent,
  title={Recent advances in small object detection based on deep learning: A review},
  author={Tong, Kang and Wu, Yiquan and Zhou, Fei},
  journal={IVC},
  volume={97},
  pages={103910},
  year={2020},
  publisher={Elsevier}
}

@inproceedings{chen2017r,
  title={R-CNN for small object detection},
  author={Chen, Chenyi and Liu, Ming-Yu and Tuzel, Oncel and Xiao, Jianxiong},
  booktitle={ACCV},
  pages={214--230},
  year={2017},
  organization={Springer}
}

@article{deng2021extended,
  title={Extended feature pyramid network for small object detection},
  author={Deng, Chunfang and Wang, Mengmeng and Liu, Liang and Liu, Yong and Jiang, Yunliang},
  journal={TMM},
  volume={24},
  pages={1968--1979},
  year={2021},
  publisher={IEEE}
}

@inproceedings{zheng2021se,
  title={SE-SSD: Self-ensembling single-stage object detector from point cloud},
  author={Zheng, Wu and Tang, Weiliang and Jiang, Li and Fu, Chi-Wing},
  booktitle={CVPR},
  pages={14494--14503},
  year={2021}
}

@inproceedings{radford2021learning,
  title={Learning transferable visual models from natural language supervision},
  author={Radford, Alec and Kim, Jong Wook and Hallacy, Chris and Ramesh, Aditya and Goh, Gabriel and Agarwal, Sandhini and Sastry, Girish and Askell, Amanda and Mishkin, Pamela and Clark, Jack and others},
  booktitle={ICML},
  pages={8748--8763},
  year={2021},
  organization={PMLR}
}

@article{lee2021putting,
  title={Putting 3D spatially sparse networks on a diet},
  author={Lee, Junha and Choy, Christopher and Park, Jaesik},
  journal={arXiv preprint arXiv:2112.01316},
  year={2021}
}

@article{xu2023binarizing,
  title={Binarizing Sparse Convolutional Networks for Efficient Point Cloud Analysis},
  author={Xu, Xiuwei and Wang, Ziwei and Zhou, Jie and Lu, Jiwen},
  journal={arXiv preprint arXiv:2303.15493},
  year={2023}
}

@inproceedings{liu2022spatial,
  title={Spatial Pruned Sparse Convolution for Efficient 3D Object Detection},
  author={Liu, Jianhui and Chen, Yukang and Ye, Xiaoqing and Tian, Zhuotao and Tan, Xiao and Qi, Xiaojuan},
  booktitle={NeurIPS},
  year={2022}
}

@misc{contributors2020mmdetection3d,
  title={MMDetection3D: OpenMMLab next-generation platform for general 3D object detection},
  author={Contributors, MMDetection3D},
  year={2020}
}

@article{lecun1989optimal,
  title={Optimal brain damage},
  author={LeCun, Yann and Denker, John and Solla, Sara},
  journal={NeurIPS},
  volume={2},
  year={1989}
}

@article{han2015learning,
  title={Learning both weights and connections for efficient neural network},
  author={Han, Song and Pool, Jeff and Tran, John and Dally, William},
  journal={NeurIPS},
  volume={28},
  year={2015}
}

@article{molchanov2016pruning,
  title={Pruning convolutional neural networks for resource efficient inference},
  author={Molchanov, Pavlo and Tyree, Stephen and Karras, Tero and Aila, Timo and Kautz, Jan},
  journal={arXiv preprint arXiv:1611.06440},
  year={2016}
}

@inproceedings{huang2018data,
  title={Data-driven sparse structure selection for deep neural networks},
  author={Huang, Zehao and Wang, Naiyan},
  booktitle={ECCV},
  pages={304--320},
  year={2018}
}

@article{li2016pruning,
  title={Pruning filters for efficient convnets},
  author={Li, Hao and Kadav, Asim and Durdanovic, Igor and Samet, Hanan and Graf, Hans Peter},
  journal={arXiv preprint arXiv:1608.08710},
  year={2016}
}

@inproceedings{liu2017learning,
  title={Learning efficient convolutional networks through network slimming},
  author={Liu, Zhuang and Li, Jianguo and Shen, Zhiqiang and Huang, Gao and Yan, Shoumeng and Zhang, Changshui},
  booktitle={ICCV},
  pages={2736--2744},
  year={2017}
}

@article{rao2021dynamicvit,
  title={Dynamicvit: Efficient vision transformers with dynamic token sparsification},
  author={Rao, Yongming and Zhao, Wenliang and Liu, Benlin and Lu, Jiwen and Zhou, Jie and Hsieh, Cho-Jui},
  journal={NeurIPS},
  volume={34},
  pages={13937--13949},
  year={2021}
}

@article{zhao2023ada3d,
  title={Ada3D: Exploiting the Spatial Redundancy with Adaptive Inference for Efficient 3D Object Detection},
  author={Zhao, Tianchen and Ning, Xuefei and Hong, Ke and Qiu, Zhongyuan and Lu, Pu and Zhao, Yali and Zhang, Linfeng and Zhou, Lipu and Dai, Guohao and Yang, Huazhong and others},
  journal={arXiv preprint arXiv:2307.08209},
  year={2023}
}

@inproceedings{jiang2020pointgroup,
  title={Pointgroup: Dual-set point grouping for 3d instance segmentation},
  author={Jiang, Li and Zhao, Hengshuang and Shi, Shaoshuai and Liu, Shu and Fu, Chi-Wing and Jia, Jiaya},
  booktitle={CVPR},
  pages={4867--4876},
  year={2020}
}

@inproceedings{vu2022softgroup,
  title={Softgroup for 3d instance segmentation on point clouds},
  author={Vu, Thang and Kim, Kookhoi and Luu, Tung M and Nguyen, Thanh and Yoo, Chang D},
  booktitle={CVPR},
  pages={2708--2717},
  year={2022}
}

@article{kolodiazhnyi2023top,
  title={Top-down beats bottom-up in 3d instance segmentation},
  author={Kolodiazhnyi, Maksim and Rukhovich, Danila and Vorontsova, Anna and Konushin, Anton},
  journal={arXiv preprint arXiv:2302.02871},
  year={2023}
}

@article{graham2014spatially,
  title={Spatially-sparse convolutional neural networks},
  author={Graham, Benjamin},
  journal={arXiv preprint arXiv:1409.6070},
  year={2014}
}

@article{chaplot2020object,
  title={Object goal navigation using goal-oriented semantic exploration},
  author={Chaplot, Devendra Singh and Gandhi, Dhiraj Prakashchand and Gupta, Abhinav and Salakhutdinov, Russ R},
  journal={NeurIPS},
  volume={33},
  pages={4247--4258},
  year={2020}
}

@inproceedings{ramakrishnan2022poni,
  title={Poni: Potential functions for objectgoal navigation with interaction-free learning},
  author={Ramakrishnan, Santhosh Kumar and Chaplot, Devendra Singh and Al-Halah, Ziad and Malik, Jitendra and Grauman, Kristen},
  booktitle={CVPR},
  pages={18890--18900},
  year={2022}
}

@inproceedings{zhang20233d,
  title={3D-Aware Object Goal Navigation via Simultaneous Exploration and Identification},
  author={Zhang, Jiazhao and Dai, Liu and Meng, Fanpeng and Fan, Qingnan and Chen, Xuelin and Xu, Kai and Wang, He},
  booktitle={CVPR},
  pages={6672--6682},
  year={2023}
}

@inproceedings{mccormac2017semanticfusion,
  title={Semanticfusion: Dense 3d semantic mapping with convolutional neural networks},
  author={McCormac, John and Handa, Ankur and Davison, Andrew and Leutenegger, Stefan},
  booktitle={ICRA},
  pages={4628--4635},
  year={2017},
  organization={IEEE}
}

@inproceedings{narita2019panopticfusion,
  title={Panopticfusion: Online volumetric semantic mapping at the level of stuff and things},
  author={Narita, Gaku and Seno, Takashi and Ishikawa, Tomoya and Kaji, Yohsuke},
  booktitle={IROS},
  pages={4205--4212},
  year={2019},
  organization={IEEE}
}

@inproceedings{zhang2020fusion,
  title={Fusion-aware point convolution for online semantic 3d scene segmentation},
  author={Zhang, Jiazhao and Zhu, Chenyang and Zheng, Lintao and Xu, Kai},
  booktitle={CVPR},
  pages={4534--4543},
  year={2020}
}

@article{huang2021supervoxel,
  title={Supervoxel convolution for online 3d semantic segmentation},
  author={Huang, Shi-Sheng and Ma, Ze-Yu and Mu, Tai-Jiang and Fu, Hongbo and Hu, Shi-Min},
  journal={TOG},
  volume={40},
  number={3},
  pages={1--15},
  year={2021},
  publisher={ACM New York, NY}
}

@inproceedings{liu2022ins,
  title={Ins-conv: Incremental sparse convolution for online 3d segmentation},
  author={Liu, Leyao and Zheng, Tian and Lin, Yun-Jou and Ni, Kai and Fang, Lu},
  booktitle={CVPR},
  pages={18975--18984},
  year={2022}
}

@inproceedings{carreira2017quo,
  title={Quo vadis, action recognition? a new model and the kinetics dataset},
  author={Carreira, Joao and Zisserman, Andrew},
  booktitle={CVPR},
  pages={6299--6308},
  year={2017}
}

@inproceedings{kondratyuk2021movinets,
  title={Movinets: Mobile video networks for efficient video recognition},
  author={Kondratyuk, Dan and Yuan, Liangzhe and Li, Yandong and Zhang, Li and Tan, Mingxing and Brown, Matthew and Gong, Boqing},
  booktitle={CVPR},
  pages={16020--16030},
  year={2021}
}

@inproceedings{lin2019tsm,
  title={Tsm: Temporal shift module for efficient video understanding},
  author={Lin, Ji and Gan, Chuang and Han, Song},
  booktitle={ICCV},
  pages={7083--7093},
  year={2019}
}

@article{oord2016wavenet,
  title={Wavenet: A generative model for raw audio},
  author={Oord, Aaron van den and Dieleman, Sander and Zen, Heiga and Simonyan, Karen and Vinyals, Oriol and Graves, Alex and Kalchbrenner, Nal and Senior, Andrew and Kavukcuoglu, Koray},
  journal={arXiv preprint arXiv:1609.03499},
  year={2016}
}

@article{dai2019transformer,
  title={Transformer-xl: Attentive language models beyond a fixed-length context},
  author={Dai, Zihang and Yang, Zhilin and Yang, Yiming and Carbonell, Jaime and Le, Quoc V and Salakhutdinov, Ruslan},
  journal={arXiv preprint arXiv:1901.02860},
  year={2019}
}

@inproceedings{carreira2018massively,
  title={Massively parallel video networks},
  author={Carreira, Joao and Patraucean, Viorica and Mazare, Laurent and Zisserman, Andrew and Osindero, Simon},
  booktitle={ECCV},
  pages={649--666},
  year={2018}
}

@article{schult2022mask3d,
  title={Mask3d for 3d semantic instance segmentation},
  author={Schult, Jonas and Engelmann, Francis and Hermans, Alexander and Litany, Or and Tang, Siyu and Leibe, Bastian},
  journal={arXiv preprint arXiv:2210.03105},
  year={2022}
}

@inproceedings{hou2021pri3d,
  title={Pri3d: Can 3d priors help 2d representation learning?},
  author={Hou, Ji and Xie, Saining and Graham, Benjamin and Dai, Angela and Nie{\ss}ner, Matthias},
  booktitle={ICCV},
  pages={5693--5702},
  year={2021}
}

@article{pan2022st,
  title={St-adapter: Parameter-efficient image-to-video transfer learning},
  author={Pan, Junting and Lin, Ziyi and Zhu, Xiatian and Shao, Jing and Li, Hongsheng},
  journal={NeurIPS},
  volume={35},
  pages={26462--26477},
  year={2022}
}

@article{chen2022vision,
  title={Vision transformer adapter for dense predictions},
  author={Chen, Zhe and Duan, Yuchen and Wang, Wenhai and He, Junjun and Lu, Tong and Dai, Jifeng and Qiao, Yu},
  journal={arXiv preprint arXiv:2205.08534},
  year={2022}
}

@inproceedings{ronneberger2015u,
  title={U-net: Convolutional networks for biomedical image segmentation},
  author={Ronneberger, Olaf and Fischer, Philipp and Brox, Thomas},
  booktitle={MICCAI},
  pages={234--241},
  year={2015},
  organization={Springer}
}

@article{wu2023anyview,
  title={Anyview: generalizable indoor 3d object detection with variable frames},
  author={Wu, Zhenyu and Xu, Xiuwei and Wang, Ziwei and Xia, Chong and Zhao, Linqing and Lu, Jiwen and Yan, Haibin},
  journal={arXiv preprint arXiv:2310.05346},
  year={2022}
}

@inproceedings{zhao2021surprising,
  title={The surprising effectiveness of visual odometry techniques for embodied pointgoal navigation},
  author={Zhao, Xiaoming and Agrawal, Harsh and Batra, Dhruv and Schwing, Alexander G},
  booktitle={ICCV},
  pages={16127--16136},
  year={2021}
}

@inproceedings{park2017colored,
  title={Colored point cloud registration revisited},
  author={Park, Jaesik and Zhou, Qian-Yi and Koltun, Vladlen},
  booktitle={ICCV},
  pages={143--152},
  year={2017}
}